  <div class='ocr_page' id='page_1' title='image "/cluster/home/n/w/nwhite01/storage/ocr_20150623/156-157/uc1.31175010662024/857.png"; bbox 0 0 3882 6470; ppageno 0'>
   <div class='ocr_carea' id='block_1_1' title="bbox 439 451 540 509">
    <p class='ocr_par' dir='ltr' id='par_1_1' title="bbox 439 451 540 509">
     <span class='ocr_line' id='line_1_1' title="bbox 439 451 540 509; baseline 0 -1"><span class='ocrx_word' id='word_1_1' title='bbox 439 451 540 509; x_wconf 71' lang='grc'>431</span> 
     </span>
    </p>
   </div>
   <div class='ocr_carea' id='block_1_2' title="bbox 1154 575 1299 630">
    <p class='ocr_par' dir='ltr' id='par_1_2' title="bbox 1154 575 1299 630">
     <span class='ocr_line' id='line_1_2' title="bbox 1154 575 1299 630; baseline -0.007 0"><span class='ocrx_word' id='word_1_2' title='bbox 1154 575 1299 630; x_wconf 82' lang='lat' dir='ltr'><strong>VIII.</strong></span> 
     </span>
    </p>
   </div>
   <div class='ocr_carea' id='block_1_3' title="bbox 512 746 1964 824">
    <p class='ocr_par' dir='ltr' id='par_1_3' title="bbox 512 746 1964 824">
     <span class='ocr_line' id='line_1_3' title="bbox 512 746 1964 824; baseline -0.004 -18"><span class='ocrx_word' id='word_1_3' title='bbox 512 750 883 824; x_wconf 77' lang='lat' dir='ltr'>Privilegium</span> <span class='ocrx_word' id='word_1_4' title='bbox 925 765 1030 824; x_wconf 85' lang='lat' dir='ltr'>pro</span> <span class='ocrx_word' id='word_1_5' title='bbox 1060 747 1283 805; x_wconf 79' lang='lat' dir='ltr'>abbatia</span> <span class='ocrx_word' id='word_1_6' title='bbox 1323 748 1383 804; x_wconf 92' lang='lat' dir='ltr'>S.</span> <span class='ocrx_word' id='word_1_7' title='bbox 1427 748 1621 803; x_wconf 77' lang='lat' dir='ltr'>Leonis</span> <span class='ocrx_word' id='word_1_8' title='bbox 1665 746 1964 802; x_wconf 78' lang='lat' dir='ltr'>Tullensis.</span> 
     </span>
    </p>
   </div>
   <div class='ocr_carea' id='block_1_4' title="bbox 1025 909 1440 983">
    <p class='ocr_par' dir='ltr' id='par_1_4' title="bbox 1025 909 1440 983">
     <span class='ocr_line' id='line_1_4' title="bbox 1025 909 1440 983; baseline -0.012 -16"><span class='ocrx_word' id='word_1_9' title='bbox 1025 912 1211 983; x_wconf 82' lang='lat' dir='ltr'>(Anno</span> <span class='ocrx_word' id='word_1_10' title='bbox 1243 909 1440 979; x_wconf 81' lang='grc'><strong>1091.)</strong></span> 
     </span>
    </p>
   </div>
   <div class='ocr_carea' id='block_1_5' title="bbox 840 1078 1634 1155">
    <p class='ocr_par' dir='ltr' id='par_1_5' title="bbox 840 1078 1634 1155">
     <span class='ocr_line' id='line_1_5' title="bbox 840 1078 1634 1155; baseline -0.009 -15"><span class='ocrx_word' id='word_1_11' title='bbox 840 1084 1002 1155; x_wconf 85' lang='lat' dir='ltr'>[Dom</span> <span class='ocrx_word' id='word_1_12' title='bbox 1033 1082 1263 1138; x_wconf 67' lang='lat' dir='ltr'>Canum</span> <span class='ocrx_word' id='word_1_13' title='bbox 1290 1080 1389 1137; x_wconf 83' lang='lat' dir='ltr'>ubi</span> <span class='ocrx_word' id='word_1_14' title='bbox 1415 1078 1634 1153; x_wconf 80' lang='lat' dir='ltr'>supra.]</span> 
     </span>
    </p>
   </div>
   <div class='ocr_carea' id='block_1_6' title="bbox 503 1235 2032 1311">
    <p class='ocr_par' dir='ltr' id='par_1_6' title="bbox 503 1235 2032 1311">
     <span class='ocr_line' id='line_1_6' title="bbox 503 1235 2032 1311; baseline -0.008 -8"><span class='ocrx_word' id='word_1_15' title='bbox 503 1249 564 1303; x_wconf 92' lang='lat' dir='ltr'><strong>In</strong></span> <span class='ocrx_word' id='word_1_16' title='bbox 579 1246 802 1302; x_wconf 91' lang='lat' dir='ltr'>nomine</span> <span class='ocrx_word' id='word_1_17' title='bbox 827 1242 1023 1305; x_wconf 85' lang='lat' dir='ltr'>Patris,</span> <span class='ocrx_word' id='word_1_18' title='bbox 1056 1254 1110 1299; x_wconf 88' lang='lat' dir='ltr'>et</span> <span class='ocrx_word' id='word_1_19' title='bbox 1140 1240 1280 1308; x_wconf 86' lang='lat' dir='ltr'>Filii,</span> <span class='ocrx_word' id='word_1_20' title='bbox 1313 1248 1367 1297; x_wconf 93' lang='lat' dir='ltr'>et</span> <span class='ocrx_word' id='word_1_21' title='bbox 1398 1238 1629 1311; x_wconf 74' lang='lat' dir='ltr'>Spiritus</span> <span class='ocrx_word' id='word_1_22' title='bbox 1659 1235 1854 1305; x_wconf 89' lang='lat' dir='ltr'>sancti,</span> <span class='ocrx_word' id='word_1_23' title='bbox 1898 1236 2032 1292; x_wconf 77' lang='lat' dir='ltr'>Piso</span> 
     </span>
    </p>
   </div>
   <div class='ocr_carea' id='block_1_7' title="bbox 433 1324 2031 1409">
    <p class='ocr_par' dir='ltr' id='par_1_7' title="bbox 433 1324 2031 1409">
     <span class='ocr_line' id='line_1_7' title="bbox 433 1324 2031 1409; baseline -0.009 -14"><span class='ocrx_word' id='word_1_24' title='bbox 433 1336 534 1395; x_wconf 90' lang='lat' dir='ltr'>Dei</span> <span class='ocrx_word' id='word_1_25' title='bbox 563 1334 742 1409; x_wconf 88' lang='lat' dir='ltr'>gratia</span> <span class='ocrx_word' id='word_1_26' title='bbox 772 1333 1076 1389; x_wconf 89' lang='lat' dir='ltr'>Leucorum</span> <span class='ocrx_word' id='word_1_27' title='bbox 1121 1329 1343 1386; x_wconf 86' lang='lat' dir='ltr'>humilis</span> <span class='ocrx_word' id='word_1_28' title='bbox 1399 1328 1710 1399; x_wconf 83' lang='lat' dir='ltr'>episcopus,</span> <span class='ocrx_word' id='word_1_29' title='bbox 1773 1324 2031 1383; x_wconf 90' lang='lat' dir='ltr'>ﬁdelibus</span> 
     </span>
    </p>
   </div>
   <div class='ocr_carea' id='block_1_8' title="bbox 432 1413 2028 1491">
    <p class='ocr_par' dir='ltr' id='par_1_8' title="bbox 432 1413 2028 1491">
     <span class='ocr_line' id='line_1_8' title="bbox 432 1413 2028 1491; baseline -0.008 -10"><span class='ocrx_word' id='word_1_30' title='bbox 432 1425 640 1482; x_wconf 78' lang='lat' dir='ltr'>Christi</span> <span class='ocrx_word' id='word_1_31' title='bbox 667 1422 942 1479; x_wconf 84' lang='lat' dir='ltr'>universis</span> <span class='ocrx_word' id='word_1_32' title='bbox 996 1427 1106 1476; x_wconf 91' lang='lat' dir='ltr'>tam</span> <span class='ocrx_word' id='word_1_33' title='bbox 1128 1417 1489 1491; x_wconf 66' lang='lat' dir='ltr'>praesentibus</span> <span class='ocrx_word' id='word_1_34' title='bbox 1550 1432 1717 1490; x_wconf 88' lang='lat' dir='ltr'>quam</span> <span class='ocrx_word' id='word_1_35' title='bbox 1772 1413 2028 1488; x_wconf 86' lang='lat' dir='ltr'>posteris,</span> 
     </span>
    </p>
   </div>
   <div class='ocr_carea' id='block_1_9' title="bbox 432 1510 1153 1589">
    <p class='ocr_par' dir='ltr' id='par_1_9' title="bbox 432 1510 1153 1589">
     <span class='ocr_line' id='line_1_9' title="bbox 432 1510 1153 1589; baseline -0.01 -19"><span class='ocrx_word' id='word_1_36' title='bbox 432 1514 667 1589; x_wconf 80' lang='lat' dir='ltr'>gratiam</span> <span class='ocrx_word' id='word_1_37' title='bbox 693 1511 931 1584; x_wconf 88' lang='lat' dir='ltr'>Spiritus</span> <span class='ocrx_word' id='word_1_38' title='bbox 959 1510 1153 1564; x_wconf 83' lang='lat' dir='ltr'>sancti.</span> 
     </span>
    </p>
   </div>
   <div class='ocr_carea' id='block_1_10' title="bbox 499 1591 2029 1660">
    <p class='ocr_par' dir='ltr' id='par_1_10' title="bbox 499 1591 2029 1660">
     <span class='ocr_line' id='line_1_10' title="bbox 499 1591 2029 1660; baseline -0.009 0"><span class='ocrx_word' id='word_1_39' title='bbox 499 1602 678 1660; x_wconf 76' lang='lat' dir='ltr'>Ofﬁcii</span> <span class='ocrx_word' id='word_1_40' title='bbox 709 1599 883 1657; x_wconf 79' lang='lat' dir='ltr'>nostri</span> <span class='ocrx_word' id='word_1_41' title='bbox 911 1607 994 1654; x_wconf 89' lang='lat' dir='ltr'>est</span> <span class='ocrx_word' id='word_1_42' title='bbox 1047 1597 1298 1653; x_wconf 80' lang='lat' dir='ltr'>fidelibus</span> <span class='ocrx_word' id='word_1_43' title='bbox 1328 1594 1527 1653; x_wconf 87' lang='lat' dir='ltr'>Christi</span> <span class='ocrx_word' id='word_1_44' title='bbox 1580 1593 1814 1653; x_wconf 84' lang='lat' dir='ltr'>maxime</span> <span class='ocrx_word' id='word_1_45' title='bbox 1869 1591 2029 1648; x_wconf 89' lang='lat' dir='ltr'>nobis</span> 
     </span>
    </p>
   </div>
   <div class='ocr_carea' id='block_1_11' title="bbox 430 1682 2027 1758">
    <p class='ocr_par' dir='ltr' id='par_1_11' title="bbox 430 1682 2027 1758">
     <span class='ocr_line' id='line_1_11' title="bbox 430 1682 2027 1758; baseline -0.008 -9"><span class='ocrx_word' id='word_1_46' title='bbox 430 1691 759 1756; x_wconf 86' lang='lat' dir='ltr'>commissis,</span> <span class='ocrx_word' id='word_1_47' title='bbox 793 1704 902 1745; x_wconf 90' lang='lat' dir='ltr'>non</span> <span class='ocrx_word' id='word_1_48' title='bbox 924 1687 1103 1742; x_wconf 91' lang='lat' dir='ltr'>solum</span> <span class='ocrx_word' id='word_1_49' title='bbox 1159 1685 1483 1758; x_wconf 88' lang='lat' dir='ltr'>spiritualia,</span> <span class='ocrx_word' id='word_1_50' title='bbox 1546 1684 1642 1739; x_wconf 91' lang='lat' dir='ltr'>sed</span> <span class='ocrx_word' id='word_1_51' title='bbox 1667 1682 1826 1738; x_wconf 88' lang='lat' dir='ltr'>etiam</span> <span class='ocrx_word' id='word_1_52' title='bbox 1884 1690 2027 1737; x_wconf 89' lang='lat' dir='ltr'>tem-</span> 
     </span>
    </p>
   </div>
   <div class='ocr_carea' id='block_1_12' title="bbox 424 1770 2026 1855">
    <p class='ocr_par' dir='ltr' id='par_1_12' title="bbox 424 1770 2026 1855">
     <span class='ocr_line' id='line_1_12' title="bbox 424 1770 2026 1855; baseline -0.009 -17"><span class='ocrx_word' id='word_1_53' title='bbox 424 1780 634 1855; x_wconf 89' lang='lat' dir='ltr'>poralia</span> <span class='ocrx_word' id='word_1_54' title='bbox 687 1780 833 1835; x_wconf 89' lang='lat' dir='ltr'>bona</span> <span class='ocrx_word' id='word_1_55' title='bbox 862 1775 1151 1848; x_wconf 88' lang='lat' dir='ltr'>providere</span> <span class='ocrx_word' id='word_1_56' title='bbox 1194 1782 1248 1831; x_wconf 91' lang='lat' dir='ltr'>et</span> <span class='ocrx_word' id='word_1_57' title='bbox 1277 1772 1401 1828; x_wconf 92' lang='lat' dir='ltr'>ﬁliis</span> <span class='ocrx_word' id='word_1_58' title='bbox 1430 1773 1604 1844; x_wconf 84' lang='lat' dir='ltr'>pacis,</span> <span class='ocrx_word' id='word_1_59' title='bbox 1661 1779 1719 1827; x_wconf 92' lang='lat' dir='ltr'>ut</span> <span class='ocrx_word' id='word_1_60' title='bbox 1756 1770 2026 1843; x_wconf 90' lang='lat' dir='ltr'>tranquil-</span> 
     </span>
    </p>
   </div>
   <div class='ocr_carea' id='block_1_13' title="bbox 426 1862 2022 1940">
    <p class='ocr_par' dir='ltr' id='par_1_13' title="bbox 426 1862 2022 1940">
     <span class='ocr_line' id='line_1_13' title="bbox 426 1862 2022 1940; baseline -0.008 -13"><span class='ocrx_word' id='word_1_61' title='bbox 426 1872 536 1927; x_wconf 85' lang='lat' dir='ltr'>lam</span> <span class='ocrx_word' id='word_1_62' title='bbox 565 1869 727 1925; x_wconf 87' lang='lat' dir='ltr'>vilam</span> <span class='ocrx_word' id='word_1_63' title='bbox 759 1874 943 1940; x_wconf 88' lang='lat' dir='ltr'>agant,</span> <span class='ocrx_word' id='word_1_64' title='bbox 975 1880 1106 1936; x_wconf 71' lang='lat' dir='ltr'>quae</span> <span class='ocrx_word' id='word_1_65' title='bbox 1150 1862 1221 1918; x_wconf 91' lang='lat' dir='ltr'>ad</span> <span class='ocrx_word' id='word_1_66' title='bbox 1276 1877 1473 1933; x_wconf 90' lang='lat' dir='ltr'>pacem</span> <span class='ocrx_word' id='word_1_67' title='bbox 1528 1869 1654 1915; x_wconf 91' lang='lat' dir='ltr'>sunt</span> <span class='ocrx_word' id='word_1_68' title='bbox 1704 1875 2022 1931; x_wconf 86' lang='lat' dir='ltr'>procurare.</span> 
     </span>
    </p>
   </div>
   <div class='ocr_carea' id='block_1_14' title="bbox 1572 437 2632 505">
    <p class='ocr_par' dir='ltr' id='par_1_14' title="bbox 1572 437 2632 505">
     <span class='ocr_line' id='line_1_14' title="bbox 1572 437 2632 505; baseline 0.001 -2"><span class='ocrx_word' id='word_1_69' title='bbox 1572 444 1851 505; x_wconf 83' lang='lat' dir='ltr'>PIBONIS</span> <span class='ocrx_word' id='word_1_70' title='bbox 1892 437 2217 505; x_wconf 82' lang='lat' dir='ltr'>EPISCOPI</span> <span class='ocrx_word' id='word_1_71' title='bbox 2254 441 2632 504; x_wconf 81' lang='lat' dir='ltr'>TULLENSIS</span> 
     </span>
    </p>
   </div>
   <div class='ocr_carea' id='block_1_15' title="bbox 2068 573 3726 635">
    <p class='ocr_par' dir='ltr' id='par_1_15' title="bbox 2068 573 3726 635">
     <span class='ocr_line' id='line_1_15' title="bbox 2068 573 3726 635; baseline 0.003 -6"><span class='ocrx_word' id='word_1_72' title='bbox 2068 574 2125 635; x_wconf 85' lang='lat' dir='ltr'><strong>A</strong></span> <span class='ocrx_word' id='word_1_73' title='bbox 2154 574 2297 629; x_wconf 88' lang='lat' dir='ltr'>villis</span> <span class='ocrx_word' id='word_1_74' title='bbox 2327 583 2377 628; x_wconf 92' lang='lat' dir='ltr'>et</span> <span class='ocrx_word' id='word_1_75' title='bbox 2409 574 2576 630; x_wconf 83' lang='lat' dir='ltr'>curiis</span> <span class='ocrx_word' id='word_1_76' title='bbox 2602 573 2805 630; x_wconf 85' lang='lat' dir='ltr'>nostris</span> <span class='ocrx_word' id='word_1_77' title='bbox 2829 575 3204 632; x_wconf 86' lang='lat' dir='ltr'>concessimus</span> <span class='ocrx_word' id='word_1_78' title='bbox 3232 584 3286 632; x_wconf 92' lang='lat' dir='ltr'>et</span> <span class='ocrx_word' id='word_1_79' title='bbox 3302 575 3726 634; x_wconf 86' lang='lat' dir='ltr'>conﬁrmavimus</span> 
     </span>
    </p>
   </div>
   <div class='ocr_carea' id='block_1_16' title="bbox 3633 451 3727 509">
    <p class='ocr_par' dir='ltr' id='par_1_16' title="bbox 3633 451 3727 509">
     <span class='ocr_line' id='line_1_16' title="bbox 3633 451 3727 509; baseline 0.011 -1"><span class='ocrx_word' id='word_1_80' title='bbox 3633 451 3727 509; x_wconf 71' lang='grc'>432</span> 
     </span>
    </p>
   </div>
   <div class='ocr_carea' id='block_1_17' title="bbox 2147 663 3724 724">
    <p class='ocr_par' dir='ltr' id='par_1_17' title="bbox 2147 663 3724 724">
     <span class='ocr_line' id='line_1_17' title="bbox 2147 663 3724 724; baseline 0.003 -6"><span class='ocrx_word' id='word_1_81' title='bbox 2147 663 2397 719; x_wconf 77' lang='lat' dir='ltr'>ecclesiae</span> <span class='ocrx_word' id='word_1_82' title='bbox 2428 664 2570 717; x_wconf 84' lang='lat' dir='ltr'>Beati</span> <span class='ocrx_word' id='word_1_83' title='bbox 2622 664 2818 719; x_wconf 88' lang='lat' dir='ltr'>Leonis</span> <span class='ocrx_word' id='word_1_84' title='bbox 2847 665 3179 721; x_wconf 85' lang='lat' dir='ltr'>habendum.</span> <span class='ocrx_word' id='word_1_85' title='bbox 3224 668 3489 724; x_wconf 77' lang='lat' dir='ltr'>Praeterea</span> <span class='ocrx_word' id='word_1_86' title='bbox 3541 668 3724 723; x_wconf 88' lang='lat' dir='ltr'>matri-</span> 
     </span>
    </p>
   </div>
   <div class='ocr_carea' id='block_1_18' title="bbox 2146 751 3722 824">
    <p class='ocr_par' dir='ltr' id='par_1_18' title="bbox 2146 751 3722 824">
     <span class='ocr_line' id='line_1_18' title="bbox 2146 751 3722 824; baseline 0.003 -18"><span class='ocrx_word' id='word_1_87' title='bbox 2146 751 2453 808; x_wconf 90' lang='lat' dir='ltr'>moniorum</span> <span class='ocrx_word' id='word_1_88' title='bbox 2486 758 2542 807; x_wconf 91' lang='lat' dir='ltr'>et</span> <span class='ocrx_word' id='word_1_89' title='bbox 2596 752 3081 824; x_wconf 89' lang='lat' dir='ltr'>desponsationum</span> <span class='ocrx_word' id='word_1_90' title='bbox 3136 771 3268 810; x_wconf 92' lang='lat' dir='ltr'>usus</span> <span class='ocrx_word' id='word_1_91' title='bbox 3297 763 3349 812; x_wconf 93' lang='lat' dir='ltr'>et</span> <span class='ocrx_word' id='word_1_92' title='bbox 3402 756 3722 813; x_wconf 87' lang='lat' dir='ltr'>consuetudo</span> 
     </span>
    </p>
   </div>
   <div class='ocr_carea' id='block_1_19' title="bbox 2143 849 3723 926">
    <p class='ocr_par' dir='ltr' id='par_1_19' title="bbox 2143 849 3723 926">
     <span class='ocr_line' id='line_1_19' title="bbox 2143 849 3723 926; baseline 0.005 -25"><span class='ocrx_word' id='word_1_93' title='bbox 2143 849 2273 905; x_wconf 85' lang='lat' dir='ltr'>talis</span> <span class='ocrx_word' id='word_1_94' title='bbox 2300 849 2502 904; x_wconf 88' lang='lat' dir='ltr'>ibidem</span> <span class='ocrx_word' id='word_1_95' title='bbox 2535 850 2784 917; x_wconf 86' lang='lat' dir='ltr'>habetur,</span> <span class='ocrx_word' id='word_1_96' title='bbox 2814 859 2892 918; x_wconf 89' lang='lat' dir='ltr'>ut,</span> <span class='ocrx_word' id='word_1_97' title='bbox 2925 852 3108 923; x_wconf 89' lang='lat' dir='ltr'>siquis</span> <span class='ocrx_word' id='word_1_98' title='bbox 3125 852 3474 910; x_wconf 86' lang='lat' dir='ltr'>Maseriarum</span> <span class='ocrx_word' id='word_1_99' title='bbox 3499 854 3723 926; x_wconf 88' lang='lat' dir='ltr'>aliquam</span> 
     </span>
    </p>
   </div>
   <div class='ocr_carea' id='block_1_20' title="bbox 2144 937 3721 1011">
    <p class='ocr_par' dir='ltr' id='par_1_20' title="bbox 2144 937 3721 1011">
     <span class='ocr_line' id='line_1_20' title="bbox 2144 937 3721 1011; baseline 0.004 -17"><span class='ocrx_word' id='word_1_100' title='bbox 2144 937 2215 994; x_wconf 90' lang='lat' dir='ltr'>de</span> <span class='ocrx_word' id='word_1_101' title='bbox 2243 938 2459 993; x_wconf 88' lang='lat' dir='ltr'>feminis</span> <span class='ocrx_word' id='word_1_102' title='bbox 2488 937 2907 996; x_wconf 85' lang='lat' dir='ltr'>Martinimontis</span> <span class='ocrx_word' id='word_1_103' title='bbox 2922 941 3125 998; x_wconf 87' lang='lat' dir='ltr'>ducere</span> <span class='ocrx_word' id='word_1_104' title='bbox 3154 942 3403 1011; x_wconf 89' lang='lat' dir='ltr'>voluerit,</span> <span class='ocrx_word' id='word_1_105' title='bbox 3451 942 3567 999; x_wconf 88' lang='lat' dir='ltr'>sine</span> <span class='ocrx_word' id='word_1_106' title='bbox 3594 959 3721 999; x_wconf 88' lang='lat' dir='ltr'>con-</span> 
     </span>
    </p>
   </div>
   <div class='ocr_carea' id='block_1_21' title="bbox 2143 1026 3722 1096">
    <p class='ocr_par' dir='ltr' id='par_1_21' title="bbox 2143 1026 3722 1096">
     <span class='ocr_line' id='line_1_21' title="bbox 2143 1026 3722 1096; baseline 0.003 -14"><span class='ocrx_word' id='word_1_107' title='bbox 2143 1027 2470 1084; x_wconf 88' lang='lat' dir='ltr'>tradictione</span> <span class='ocrx_word' id='word_1_108' title='bbox 2499 1026 2660 1085; x_wconf 87' lang='lat' dir='ltr'>liceat</span> <span class='ocrx_word' id='word_1_109' title='bbox 2690 1046 2705 1096; x_wconf 88' lang='lat'><strong>;</strong></span> <span class='ocrx_word' id='word_1_110' title='bbox 2737 1030 2842 1085; x_wconf 90' lang='lat' dir='ltr'>hoc</span> <span class='ocrx_word' id='word_1_111' title='bbox 2898 1030 3061 1086; x_wconf 91' lang='lat' dir='ltr'>etiam</span> <span class='ocrx_word' id='word_1_112' title='bbox 3089 1030 3507 1088; x_wconf 79' lang='lat' dir='ltr'>Martinimontis</span> <span class='ocrx_word' id='word_1_113' title='bbox 3559 1032 3722 1089; x_wconf 85' lang='lat' dir='ltr'>homi-</span> 
     </span>
    </p>
   </div>
   <div class='ocr_carea' id='block_1_22' title="bbox 2143 1116 3317 1189">
    <p class='ocr_par' dir='ltr' id='par_1_22' title="bbox 2143 1116 3317 1189">
     <span class='ocr_line' id='line_1_22' title="bbox 2143 1116 3317 1189; baseline 0.004 -18"><span class='ocrx_word' id='word_1_114' title='bbox 2143 1131 2265 1183; x_wconf 86' lang='lat' dir='ltr'>nes,</span> <span class='ocrx_word' id='word_1_115' title='bbox 2288 1116 2343 1171; x_wconf 91' lang='lat' dir='ltr'>in</span> <span class='ocrx_word' id='word_1_116' title='bbox 2371 1116 2522 1173; x_wconf 88' lang='lat' dir='ltr'>curia</span> <span class='ocrx_word' id='word_1_117' title='bbox 2548 1117 2905 1174; x_wconf 76' lang='lat' dir='ltr'>Maseriarum</span> <span class='ocrx_word' id='word_1_118' title='bbox 2930 1119 3022 1189; x_wconf 86' lang='lat' dir='ltr'>jus</span> <span class='ocrx_word' id='word_1_119' title='bbox 3050 1120 3317 1177; x_wconf 90' lang='lat' dir='ltr'>obtinent.</span> 
     </span>
    </p>
   </div>
   <div class='ocr_carea' id='block_1_23' title="bbox 2152 1222 3721 1296">
    <p class='ocr_par' dir='ltr' id='par_1_23' title="bbox 2152 1222 3721 1296">
     <span class='ocr_line' id='line_1_23' title="bbox 2152 1222 3721 1296; baseline 0.003 -18"><span class='ocrx_word' id='word_1_120' title='bbox 2152 1232 2159 1233; x_wconf 64' lang='lat'><strong><em>’</em></strong></span> <span class='ocrx_word' id='word_1_121' title='bbox 2214 1223 2270 1279; x_wconf 92' lang='lat' dir='ltr'>Si</span> <span class='ocrx_word' id='word_1_122' title='bbox 2303 1239 2436 1280; x_wconf 90' lang='lat' dir='ltr'>vero</span> <span class='ocrx_word' id='word_1_123' title='bbox 2467 1222 2801 1296; x_wconf 86' lang='lat' dir='ltr'>desponsata</span> <span class='ocrx_word' id='word_1_124' title='bbox 2844 1241 2910 1281; x_wconf 86' lang='lat' dir='ltr'>ex</span> <span class='ocrx_word' id='word_1_125' title='bbox 2940 1226 3106 1283; x_wconf 87' lang='lat' dir='ltr'>sulcis</span> <span class='ocrx_word' id='word_1_126' title='bbox 3136 1227 3546 1284; x_wconf 83' lang='lat' dir='ltr'>Martinimontis</span> <span class='ocrx_word' id='word_1_127' title='bbox 3576 1226 3721 1284; x_wconf 87' lang='lat' dir='ltr'>fuerit</span> 
     </span>
    </p>
   </div>
   <div class='ocr_carea' id='block_1_24' title="bbox 2140 1311 3718 1388">
    <p class='ocr_par' dir='ltr' id='par_1_24' title="bbox 2140 1311 3718 1388">
     <span class='ocr_line' id='line_1_24' title="bbox 2140 1311 3718 1388; baseline 0.003 -22"><span class='ocrx_word' id='word_1_128' title='bbox 2140 1311 2344 1378; x_wconf 86' lang='lat' dir='ltr'>dotata,</span> <span class='ocrx_word' id='word_1_129' title='bbox 2375 1312 2461 1369; x_wconf 89' lang='lat' dir='ltr'>vel</span> <span class='ocrx_word' id='word_1_130' title='bbox 2489 1313 2579 1369; x_wconf 93' lang='lat' dir='ltr'>die</span> <span class='ocrx_word' id='word_1_131' title='bbox 2606 1312 3044 1384; x_wconf 87' lang='lat' dir='ltr'>desponsationis</span> <span class='ocrx_word' id='word_1_132' title='bbox 3071 1315 3194 1387; x_wconf 85' lang='lat' dir='ltr'>ejus</span> <span class='ocrx_word' id='word_1_133' title='bbox 3219 1316 3275 1371; x_wconf 91' lang='lat' dir='ltr'>in</span> <span class='ocrx_word' id='word_1_134' title='bbox 3304 1317 3423 1388; x_wconf 89' lang='lat' dir='ltr'>ipsa</span> <span class='ocrx_word' id='word_1_135' title='bbox 3450 1316 3575 1373; x_wconf 89' lang='lat' dir='ltr'>villa</span> <span class='ocrx_word' id='word_1_136' title='bbox 3601 1318 3718 1388; x_wconf 85' lang='lat' dir='ltr'>pri-</span> 
     </span>
    </p>
   </div>
   <div class='ocr_carea' id='block_1_25' title="bbox 2138 1401 3720 1477">
    <p class='ocr_par' dir='ltr' id='par_1_25' title="bbox 2138 1401 3720 1477">
     <span class='ocr_line' id='line_1_25' title="bbox 2138 1401 3720 1477; baseline 0.004 -22"><span class='ocrx_word' id='word_1_137' title='bbox 2138 1416 2288 1456; x_wconf 92' lang='lat' dir='ltr'>mum</span> <span class='ocrx_word' id='word_1_138' title='bbox 2318 1401 2480 1457; x_wconf 90' lang='lat' dir='ltr'>fuerit</span> <span class='ocrx_word' id='word_1_139' title='bbox 2526 1411 2870 1473; x_wconf 86' lang='lat' dir='ltr'>pernoctata,</span> <span class='ocrx_word' id='word_1_140' title='bbox 2903 1404 3218 1476; x_wconf 86' lang='lat' dir='ltr'>ubicunque</span> <span class='ocrx_word' id='word_1_141' title='bbox 3246 1414 3436 1477; x_wconf 89' lang='lat' dir='ltr'>postea</span> <span class='ocrx_word' id='word_1_142' title='bbox 3487 1414 3720 1462; x_wconf 83' lang='lat' dir='ltr'>moretur</span> 
     </span>
    </p>
   </div>
   <div class='ocr_carea' id='block_1_26' title="bbox 2137 1491 3719 1562">
    <p class='ocr_par' dir='ltr' id='par_1_26' title="bbox 2137 1491 3719 1562">
     <span class='ocr_line' id='line_1_26' title="bbox 2137 1491 3719 1562; baseline 0.003 -16"><span class='ocrx_word' id='word_1_143' title='bbox 2137 1498 2338 1562; x_wconf 84' lang='lat' dir='ltr'>praeter</span> <span class='ocrx_word' id='word_1_144' title='bbox 2394 1491 2673 1561; x_wconf 78' lang='lat' dir='ltr'>Maserias,</span> <span class='ocrx_word' id='word_1_145' title='bbox 2732 1492 2804 1548; x_wconf 90' lang='lat' dir='ltr'>ad</span> <span class='ocrx_word' id='word_1_146' title='bbox 2876 1493 3409 1550; x_wconf 79' lang='lat' dir='ltr'>Martinummontem</span> <span class='ocrx_word' id='word_1_147' title='bbox 3459 1494 3719 1551; x_wconf 84' lang='lat' dir='ltr'>censualis</span> 
     </span>
    </p>
   </div>
   <div class='ocr_carea' id='block_1_27' title="bbox 2137 1579 3717 1655">
    <p class='ocr_par' dir='ltr' id='par_1_27' title="bbox 2137 1579 3717 1655">
     <span class='ocr_line' id='line_1_27' title="bbox 2137 1579 3717 1655; baseline 0.003 -21"><span class='ocrx_word' id='word_1_148' title='bbox 2137 1579 2261 1645; x_wconf 89' lang='lat' dir='ltr'>erit,</span> <span class='ocrx_word' id='word_1_149' title='bbox 2295 1585 2351 1635; x_wconf 85' lang='lat' dir='ltr'>et</span> <span class='ocrx_word' id='word_1_150' title='bbox 2381 1595 2507 1637; x_wconf 89' lang='lat' dir='ltr'>cum</span> <span class='ocrx_word' id='word_1_151' title='bbox 2534 1580 2679 1636; x_wconf 91' lang='lat' dir='ltr'>omni</span> <span class='ocrx_word' id='word_1_152' title='bbox 2704 1581 2967 1652; x_wconf 74' lang='lat' dir='ltr'>progenie</span> <span class='ocrx_word' id='word_1_153' title='bbox 2990 1598 3105 1648; x_wconf 91' lang='lat' dir='ltr'>sua,</span> <span class='ocrx_word' id='word_1_154' title='bbox 3136 1581 3211 1637; x_wconf 91' lang='lat' dir='ltr'>ibi</span> <span class='ocrx_word' id='word_1_155' title='bbox 3232 1582 3424 1653; x_wconf 89' lang='lat' dir='ltr'>placita</span> <span class='ocrx_word' id='word_1_156' title='bbox 3437 1598 3717 1655; x_wconf 84' lang='lat' dir='ltr'>proseque-</span> 
     </span>
    </p>
   </div>
   <div class='ocr_carea' id='block_1_28' title="bbox 2136 1677 3716 1736">
    <p class='ocr_par' dir='ltr' id='par_1_28' title="bbox 2136 1677 3716 1736">
     <span class='ocr_line' id='line_1_28' title="bbox 2136 1677 3716 1736; baseline 0.003 -5"><span class='ocrx_word' id='word_1_157' title='bbox 2136 1684 2249 1732; x_wconf 90' lang='lat' dir='ltr'>tur.</span> <span class='ocrx_word' id='word_1_158' title='bbox 2305 1678 2423 1734; x_wconf 83' lang='lat' dir='ltr'>Hoc</span> <span class='ocrx_word' id='word_1_159' title='bbox 2474 1678 2618 1733; x_wconf 90' lang='lat' dir='ltr'>idem</span> <span class='ocrx_word' id='word_1_160' title='bbox 2682 1677 2775 1733; x_wconf 78' lang='lat' dir='ltr'>fiet</span> <span class='ocrx_word' id='word_1_161' title='bbox 2813 1678 2882 1734; x_wconf 91' lang='lat' dir='ltr'>de</span> <span class='ocrx_word' id='word_1_162' title='bbox 2924 1678 3143 1736; x_wconf 87' lang='lat' dir='ltr'>feminis</span> <span class='ocrx_word' id='word_1_163' title='bbox 3196 1680 3607 1736; x_wconf 77' lang='lat' dir='ltr'>Martinimontis</span> <span class='ocrx_word' id='word_1_164' title='bbox 3659 1680 3716 1736; x_wconf 88' lang='lat' dir='ltr'>in</span> 
     </span>
    </p>
   </div>
   <div class='ocr_carea' id='block_1_29' title="bbox 2137 1765 3717 1842">
    <p class='ocr_par' dir='ltr' id='par_1_29' title="bbox 2137 1765 3717 1842">
     <span class='ocr_line' id='line_1_29' title="bbox 2137 1765 3717 1842; baseline 0.003 -22"><span class='ocrx_word' id='word_1_165' title='bbox 2137 1765 2319 1821; x_wconf 92' lang='lat' dir='ltr'>banno</span> <span class='ocrx_word' id='word_1_166' title='bbox 2357 1766 2708 1822; x_wconf 80' lang='lat' dir='ltr'>Maseriarum</span> <span class='ocrx_word' id='word_1_167' title='bbox 2765 1767 2961 1824; x_wconf 90' lang='lat' dir='ltr'>ductis.</span> <span class='ocrx_word' id='word_1_168' title='bbox 3011 1768 3398 1825; x_wconf 84' lang='lat' dir='ltr'>Concessimus</span> <span class='ocrx_word' id='word_1_169' title='bbox 3447 1768 3628 1842; x_wconf 80' lang='lat' dir='ltr'>igitur,</span> <span class='ocrx_word' id='word_1_170' title='bbox 3663 1776 3717 1825; x_wconf 84' lang='lat' dir='ltr'>et</span> 
     </span>
    </p>
   </div>
   <div class='ocr_carea' id='block_1_30' title="bbox 2134 1854 3715 1928">
    <p class='ocr_par' dir='ltr' id='par_1_30' title="bbox 2134 1854 3715 1928">
     <span class='ocr_line' id='line_1_30' title="bbox 2134 1854 3715 1928; baseline 0.002 -17"><span class='ocrx_word' id='word_1_171' title='bbox 2134 1854 2389 1926; x_wconf 69' lang='lat' dir='ltr'>praesenti</span> <span class='ocrx_word' id='word_1_172' title='bbox 2410 1856 2698 1928; x_wconf 88' lang='lat' dir='ltr'>privilegio</span> <span class='ocrx_word' id='word_1_173' title='bbox 2724 1855 3193 1925; x_wconf 85' lang='lat' dir='ltr'>conﬁrmavimus,</span> <span class='ocrx_word' id='word_1_174' title='bbox 3225 1866 3279 1914; x_wconf 91' lang='lat' dir='ltr'>et</span> <span class='ocrx_word' id='word_1_175' title='bbox 3298 1858 3352 1913; x_wconf 93' lang='lat' dir='ltr'>in</span> <span class='ocrx_word' id='word_1_176' title='bbox 3383 1856 3524 1915; x_wconf 83' lang='lat' dir='ltr'>villis</span> <span class='ocrx_word' id='word_1_177' title='bbox 3551 1864 3606 1913; x_wconf 87' lang='lat' dir='ltr'>et</span> <span class='ocrx_word' id='word_1_178' title='bbox 3624 1873 3715 1914; x_wconf 85' lang='lat' dir='ltr'>cu-</span> 
     </span>
    </p>
   </div>
   <div class='ocr_carea' id='block_1_31' title="bbox 426 1939 3714 2032">
    <p class='ocr_par' dir='ltr' id='par_1_31' title="bbox 426 1939 3714 2032">
     <span class='ocr_line' id='line_1_31' title="bbox 426 1939 3714 2032; baseline -0.004 -16"><span class='ocrx_word' id='word_1_179' title='bbox 426 1960 600 2032; x_wconf 84' lang='lat' dir='ltr'>Igitur</span> <span class='ocrx_word' id='word_1_180' title='bbox 627 1939 904 2013; x_wconf 90' lang='lat' dir='ltr'>devotioni</span> <span class='ocrx_word' id='word_1_181' title='bbox 935 1962 986 2010; x_wconf 91' lang='lat' dir='ltr'>et</span> <span class='ocrx_word' id='word_1_182' title='bbox 1016 1954 1196 2009; x_wconf 90' lang='lat' dir='ltr'>studio</span> <span class='ocrx_word' id='word_1_183' title='bbox 1226 1952 1320 2007; x_wconf 91' lang='lat' dir='ltr'>ﬁlii</span> <span class='ocrx_word' id='word_1_184' title='bbox 1346 1951 1519 2006; x_wconf 91' lang='lat' dir='ltr'>nostri</span> <span class='ocrx_word' id='word_1_185' title='bbox 1578 1948 1805 2005; x_wconf 90' lang='lat' dir='ltr'>Luctulﬁ</span> <span class='ocrx_word' id='word_1_186' title='bbox 1830 1948 2023 2004; x_wconf 90' lang='lat' dir='ltr'>Eccle-</span> <span class='ocrx_word' id='word_1_187' title='bbox 2052 1939 2106 2000; x_wconf 91' lang='lat' dir='ltr'>B</span> <span class='ocrx_word' id='word_1_188' title='bbox 2135 1944 2228 1999; x_wconf 89' lang='lat' dir='ltr'>riis</span> <span class='ocrx_word' id='word_1_189' title='bbox 2266 1944 2440 2000; x_wconf 89' lang='lat' dir='ltr'>nostri</span> <span class='ocrx_word' id='word_1_190' title='bbox 2480 1944 2637 2014; x_wconf 86' lang='lat' dir='ltr'>juris,</span> <span class='ocrx_word' id='word_1_191' title='bbox 2705 1946 2941 2002; x_wconf 86' lang='lat' dir='ltr'>ecclesia</span> <span class='ocrx_word' id='word_1_192' title='bbox 2982 1945 3131 2002; x_wconf 87' lang='lat' dir='ltr'>Beati</span> <span class='ocrx_word' id='word_1_193' title='bbox 3166 1946 3368 2003; x_wconf 89' lang='lat' dir='ltr'>Leonis</span> <span class='ocrx_word' id='word_1_194' title='bbox 3429 1957 3485 2004; x_wconf 90' lang='lat' dir='ltr'>et</span> <span class='ocrx_word' id='word_1_195' title='bbox 3521 1946 3714 2005; x_wconf 84' lang='lat' dir='ltr'>collata</span> 
     </span>
    </p>
   </div>
   <div class='ocr_carea' id='block_1_32' title="bbox 426 2037 2026 2115">
    <p class='ocr_par' dir='ltr' id='par_1_32' title="bbox 426 2037 2026 2115">
     <span class='ocr_line' id='line_1_32' title="bbox 426 2037 2026 2115; baseline -0.009 -10"><span class='ocrx_word' id='word_1_196' title='bbox 426 2052 525 2105; x_wconf 66' lang='lat' dir='ltr'>sia)</span> <span class='ocrx_word' id='word_1_197' title='bbox 543 2056 746 2104; x_wconf 58' lang='lat' dir='ltr'>nostra</span> <span class='ocrx_word' id='word_1_198' title='bbox 774 2043 989 2109; x_wconf 88' lang='lat' dir='ltr'>decani,</span> <span class='ocrx_word' id='word_1_199' title='bbox 1024 2058 1132 2115; x_wconf 92' lang='lat' dir='ltr'>quo</span> <span class='ocrx_word' id='word_1_200' title='bbox 1157 2042 1214 2097; x_wconf 92' lang='lat' dir='ltr'>in</span> <span class='ocrx_word' id='word_1_201' title='bbox 1241 2039 1554 2096; x_wconf 70' lang='lat' dir='ltr'>aediﬁcanda</span> <span class='ocrx_word' id='word_1_202' title='bbox 1586 2037 1844 2093; x_wconf 86' lang='lat' dir='ltr'>memoria</span> <span class='ocrx_word' id='word_1_203' title='bbox 1876 2037 2026 2092; x_wconf 88' lang='lat' dir='ltr'>beati</span> 
     </span>
    </p>
   </div>
   <div class='ocr_carea' id='block_1_33' title="bbox 425 2125 2025 2206">
    <p class='ocr_par' dir='ltr' id='par_1_33' title="bbox 425 2125 2025 2206">
     <span class='ocr_line' id='line_1_33' title="bbox 425 2125 2025 2206; baseline -0.008 -11"><span class='ocrx_word' id='word_1_204' title='bbox 425 2138 623 2195; x_wconf 90' lang='lat' dir='ltr'>Leonis</span> <span class='ocrx_word' id='word_1_205' title='bbox 644 2135 774 2191; x_wconf 90' lang='lat' dir='ltr'>noni</span> <span class='ocrx_word' id='word_1_206' title='bbox 803 2149 957 2206; x_wconf 78' lang='lat' dir='ltr'>papae</span> <span class='ocrx_word' id='word_1_207' title='bbox 993 2132 1227 2188; x_wconf 85' lang='lat' dir='ltr'>desudat</span> <span class='ocrx_word' id='word_1_208' title='bbox 1272 2130 1704 2201; x_wconf 85' lang='lat' dir='ltr'>congaudentes,</span> <span class='ocrx_word' id='word_1_209' title='bbox 1741 2135 1798 2182; x_wconf 93' lang='lat' dir='ltr'>et</span> <span class='ocrx_word' id='word_1_210' title='bbox 1853 2125 2025 2197; x_wconf 87' lang='lat' dir='ltr'>ipsius</span> 
     </span>
    </p>
   </div>
   <div class='ocr_carea' id='block_1_34' title="bbox 423 2218 2028 2288">
    <p class='ocr_par' dir='ltr' id='par_1_34' title="bbox 423 2218 2028 2288">
     <span class='ocr_line' id='line_1_34' title="bbox 423 2218 2028 2288; baseline -0.009 -5"><span class='ocrx_word' id='word_1_211' title='bbox 423 2226 607 2284; x_wconf 89' lang='lat' dir='ltr'>manui</span> <span class='ocrx_word' id='word_1_212' title='bbox 634 2239 857 2280; x_wconf 88' lang='lat' dir='ltr'>manum</span> <span class='ocrx_word' id='word_1_213' title='bbox 887 2229 1131 2277; x_wconf 89' lang='lat' dir='ltr'>nostram</span> <span class='ocrx_word' id='word_1_214' title='bbox 1161 2220 1217 2275; x_wconf 91' lang='lat' dir='ltr'>in</span> <span class='ocrx_word' id='word_1_215' title='bbox 1248 2218 1555 2288; x_wconf 91' lang='lat' dir='ltr'>adjuvando</span> <span class='ocrx_word' id='word_1_216' title='bbox 1583 2218 1917 2287; x_wconf 77' lang='lat' dir='ltr'>conjungere</span> <span class='ocrx_word' id='word_1_217' title='bbox 1933 2230 2028 2269; x_wconf 86' lang='lat' dir='ltr'>vo-</span> 
     </span>
    </p>
   </div>
   <div class='ocr_carea' id='block_1_35' title="bbox 426 2305 2025 2383">
    <p class='ocr_par' dir='ltr' id='par_1_35' title="bbox 426 2305 2025 2383">
     <span class='ocr_line' id='line_1_35' title="bbox 426 2305 2025 2383; baseline -0.008 -10"><span class='ocrx_word' id='word_1_218' title='bbox 426 2317 623 2383; x_wconf 87' lang='lat' dir='ltr'>lentes,</span> <span class='ocrx_word' id='word_1_219' title='bbox 658 2312 966 2369; x_wconf 87' lang='lat' dir='ltr'>studuimus</span> <span class='ocrx_word' id='word_1_220' title='bbox 994 2310 1286 2381; x_wconf 79' lang='lat' dir='ltr'>diligenter</span> <span class='ocrx_word' id='word_1_221' title='bbox 1314 2323 1536 2363; x_wconf 80' lang='lat' dir='ltr'>exarare</span> <span class='ocrx_word' id='word_1_222' title='bbox 1565 2305 1799 2377; x_wconf 87' lang='lat' dir='ltr'>qualiter</span> <span class='ocrx_word' id='word_1_223' title='bbox 1827 2305 1944 2375; x_wconf 91' lang='lat' dir='ltr'>ipse</span> <span class='ocrx_word' id='word_1_224' title='bbox 1974 2312 2025 2360; x_wconf 90' lang='lat' dir='ltr'>et</span> 
     </span>
    </p>
   </div>
   <div class='ocr_carea' id='block_1_36' title="bbox 427 2395 2026 2474">
    <p class='ocr_par' dir='ltr' id='par_1_36' title="bbox 427 2395 2026 2474">
     <span class='ocr_line' id='line_1_36' title="bbox 427 2395 2026 2474; baseline -0.008 -12"><span class='ocrx_word' id='word_1_225' title='bbox 427 2404 663 2462; x_wconf 85' lang='lat' dir='ltr'>ecclesia</span> <span class='ocrx_word' id='word_1_226' title='bbox 692 2417 855 2474; x_wconf 89' lang='lat' dir='ltr'>quam</span> <span class='ocrx_word' id='word_1_227' title='bbox 904 2398 1157 2464; x_wconf 83' lang='lat' dir='ltr'>aediﬁcat,</span> <span class='ocrx_word' id='word_1_228' title='bbox 1216 2397 1403 2452; x_wconf 89' lang='lat' dir='ltr'>villam</span> <span class='ocrx_word' id='word_1_229' title='bbox 1462 2395 1881 2450; x_wconf 79' lang='lat' dir='ltr'>Martinimoutis</span> <span class='ocrx_word' id='word_1_230' title='bbox 1936 2408 2026 2450; x_wconf 89' lang='lat' dir='ltr'>ac-</span> 
     </span>
    </p>
   </div>
   <div class='ocr_carea' id='block_1_37' title="bbox 426 2482 2024 2568">
    <p class='ocr_par' dir='ltr' id='par_1_37' title="bbox 426 2482 2024 2568">
     <span class='ocr_line' id='line_1_37' title="bbox 426 2482 2024 2568; baseline -0.008 -18"><span class='ocrx_word' id='word_1_231' title='bbox 426 2493 693 2568; x_wconf 87' lang='lat' dir='ltr'>quisierit,</span> <span class='ocrx_word' id='word_1_232' title='bbox 726 2490 829 2545; x_wconf 91' lang='lat' dir='ltr'>Dei</span> <span class='ocrx_word' id='word_1_233' title='bbox 861 2486 1233 2543; x_wconf 82' lang='lat' dir='ltr'>munificentia</span> <span class='ocrx_word' id='word_1_234' title='bbox 1262 2484 1704 2540; x_wconf 88' lang='lat' dir='ltr'>adminiculante.</span> <span class='ocrx_word' id='word_1_235' title='bbox 1740 2482 2024 2554; x_wconf 79' lang='lat' dir='ltr'>Siquidem</span> 
     </span>
    </p>
   </div>
   <div class='ocr_carea' id='block_1_38' title="bbox 427 2571 2024 2646">
    <p class='ocr_par' dir='ltr' id='par_1_38' title="bbox 427 2571 2024 2646">
     <span class='ocr_line' id='line_1_38' title="bbox 427 2571 2024 2646; baseline -0.009 -6"><span class='ocrx_word' id='word_1_236' title='bbox 427 2591 681 2640; x_wconf 87' lang='lat' dir='ltr'>strenuus</span> <span class='ocrx_word' id='word_1_237' title='bbox 710 2594 898 2635; x_wconf 90' lang='lat' dir='ltr'>comes</span> <span class='ocrx_word' id='word_1_238' title='bbox 928 2578 1088 2646; x_wconf 87' lang='lat' dir='ltr'>Hugo</span> <span class='ocrx_word' id='word_1_239' title='bbox 1117 2575 1188 2630; x_wconf 92' lang='lat' dir='ltr'>de</span> <span class='ocrx_word' id='word_1_240' title='bbox 1205 2574 1478 2638; x_wconf 85' lang='lat' dir='ltr'>Dasborc,</span> <span class='ocrx_word' id='word_1_241' title='bbox 1509 2571 1844 2628; x_wconf 77' lang='lat' dir='ltr'>venerabilis</span> <span class='ocrx_word' id='word_1_242' title='bbox 1874 2573 2024 2627; x_wconf 87' lang='lat' dir='ltr'>Hen-</span> 
     </span>
    </p>
   </div>
   <div class='ocr_carea' id='block_1_39' title="bbox 423 2661 2022 2735">
    <p class='ocr_par' dir='ltr' id='par_1_39' title="bbox 423 2661 2022 2735">
     <span class='ocr_line' id='line_1_39' title="bbox 423 2661 2022 2735; baseline -0.008 -7"><span class='ocrx_word' id='word_1_243' title='bbox 423 2672 525 2728; x_wconf 91' lang='lat' dir='ltr'>rici</span> <span class='ocrx_word' id='word_1_244' title='bbox 556 2670 718 2735; x_wconf 87' lang='lat' dir='ltr'>ﬁlius,</span> <span class='ocrx_word' id='word_1_245' title='bbox 751 2665 1080 2721; x_wconf 89' lang='lat' dir='ltr'>intrinsecus</span> <span class='ocrx_word' id='word_1_246' title='bbox 1112 2664 1209 2719; x_wconf 89' lang='lat' dir='ltr'>Dei</span> <span class='ocrx_word' id='word_1_247' title='bbox 1242 2670 1411 2718; x_wconf 91' lang='lat' dir='ltr'>tactus</span> <span class='ocrx_word' id='word_1_248' title='bbox 1431 2661 1803 2733; x_wconf 87' lang='lat' dir='ltr'>inspiratione,</span> <span class='ocrx_word' id='word_1_249' title='bbox 1833 2669 1888 2716; x_wconf 90' lang='lat' dir='ltr'>et</span> <span class='ocrx_word' id='word_1_250' title='bbox 1918 2677 2022 2716; x_wconf 84' lang='lat' dir='ltr'>no-</span> 
     </span>
    </p>
   </div>
   <div class='ocr_carea' id='block_1_40' title="bbox 423 2750 2032 2831">
    <p class='ocr_par' dir='ltr' id='par_1_40' title="bbox 423 2750 2032 2831">
     <span class='ocr_line' id='line_1_40' title="bbox 423 2750 2032 2831; baseline -0.008 -15"><span class='ocrx_word' id='word_1_251' title='bbox 423 2761 550 2817; x_wconf 88' lang='lat' dir='ltr'>bilis</span> <span class='ocrx_word' id='word_1_252' title='bbox 579 2755 852 2831; x_wconf 66' lang='lat' dir='ltr'>prosapiee</span> <span class='ocrx_word' id='word_1_253' title='bbox 907 2753 1048 2810; x_wconf 89' lang='lat' dir='ltr'>beati</span> <span class='ocrx_word' id='word_1_254' title='bbox 1104 2752 1324 2819; x_wconf 90' lang='lat' dir='ltr'>Leonis,</span> <span class='ocrx_word' id='word_1_255' title='bbox 1381 2752 1449 2807; x_wconf 91' lang='lat' dir='ltr'>de</span> <span class='ocrx_word' id='word_1_256' title='bbox 1477 2766 1582 2823; x_wconf 88' lang='lat' dir='ltr'>qua</span> <span class='ocrx_word' id='word_1_257' title='bbox 1637 2750 2032 2820; x_wconf 87' lang='lat' dir='ltr'>descenderat,</span> 
     </span>
    </p>
   </div>
   <div class='ocr_carea' id='block_1_41' title="bbox 424 2840 2024 2914">
    <p class='ocr_par' dir='ltr' id='par_1_41' title="bbox 424 2840 2024 2914">
     <span class='ocr_line' id='line_1_41' title="bbox 424 2840 2024 2914; baseline -0.009 -7"><span class='ocrx_word' id='word_1_258' title='bbox 424 2851 621 2906; x_wconf 90' lang='lat' dir='ltr'>ductus</span> <span class='ocrx_word' id='word_1_259' title='bbox 641 2844 930 2903; x_wconf 89' lang='lat' dir='ltr'>dulcedine</span> <span class='ocrx_word' id='word_1_260' title='bbox 960 2842 1281 2914; x_wconf 74' lang='lat' dir='ltr'>praedictam</span> <span class='ocrx_word' id='word_1_261' title='bbox 1325 2840 1532 2905; x_wconf 85' lang='lat' dir='ltr'>villam,</span> <span class='ocrx_word' id='word_1_262' title='bbox 1563 2856 1793 2895; x_wconf 87' lang='lat' dir='ltr'>assensu</span> <span class='ocrx_word' id='word_1_263' title='bbox 1822 2840 2024 2907; x_wconf 87' lang='lat' dir='ltr'>conju-</span> 
     </span>
    </p>
   </div>
   <div class='ocr_carea' id='block_1_42' title="bbox 422 2928 2021 3014">
    <p class='ocr_par' dir='ltr' id='par_1_42' title="bbox 422 2928 2021 3014">
     <span class='ocr_line' id='line_1_42' title="bbox 422 2928 2021 3014; baseline -0.007 -19"><span class='ocrx_word' id='word_1_264' title='bbox 422 2940 512 3014; x_wconf 89' lang='lat' dir='ltr'>gis</span> <span class='ocrx_word' id='word_1_265' title='bbox 528 2953 642 2994; x_wconf 74' lang='lat' dir='ltr'>suae</span> <span class='ocrx_word' id='word_1_266' title='bbox 670 2942 727 2993; x_wconf 88' lang='lat' dir='ltr'>et</span> <span class='ocrx_word' id='word_1_267' title='bbox 754 2933 1035 2990; x_wconf 73' lang='lat' dir='ltr'>haeredum</span> <span class='ocrx_word' id='word_1_268' title='bbox 1079 2946 1325 2995; x_wconf 75' lang='lat' dir='ltr'>suorum,</span> <span class='ocrx_word' id='word_1_269' title='bbox 1354 2945 1388 2985; x_wconf 89' lang='lat' dir='ltr'>a</span> <span class='ocrx_word' id='word_1_270' title='bbox 1418 2928 1657 3001; x_wconf 86' lang='lat' dir='ltr'>quedam</span> <span class='ocrx_word' id='word_1_271' title='bbox 1686 2944 1886 3000; x_wconf 88' lang='lat' dir='ltr'>magno</span> <span class='ocrx_word' id='word_1_272' title='bbox 1918 2928 2021 2984; x_wconf 82' lang='lat' dir='ltr'>be-</span> 
     </span>
    </p>
   </div>
   <div class='ocr_carea' id='block_1_43' title="bbox 419 3016 2020 3097">
    <p class='ocr_par' dir='ltr' id='par_1_43' title="bbox 419 3016 2020 3097">
     <span class='ocr_line' id='line_1_43' title="bbox 419 3016 2020 3097; baseline -0.01 -11"><span class='ocrx_word' id='word_1_273' title='bbox 419 3027 638 3094; x_wconf 87' lang='lat' dir='ltr'>neﬁcio,</span> <span class='ocrx_word' id='word_1_274' title='bbox 670 3024 817 3097; x_wconf 91' lang='lat' dir='ltr'>quod</span> <span class='ocrx_word' id='word_1_275' title='bbox 874 3038 907 3077; x_wconf 93' lang='lat' dir='ltr'>a</span> <span class='ocrx_word' id='word_1_276' title='bbox 950 3020 1110 3077; x_wconf 92' lang='lat' dir='ltr'>nobis</span> <span class='ocrx_word' id='word_1_277' title='bbox 1151 3019 1388 3085; x_wconf 90' lang='lat' dir='ltr'>tenebat,</span> <span class='ocrx_word' id='word_1_278' title='bbox 1447 3016 1714 3084; x_wconf 85' lang='lat' dir='ltr'>avulsam,</span> <span class='ocrx_word' id='word_1_279' title='bbox 1747 3017 1818 3072; x_wconf 91' lang='lat' dir='ltr'>de</span> <span class='ocrx_word' id='word_1_280' title='bbox 1859 3032 2020 3072; x_wconf 89' lang='lat' dir='ltr'>manu</span> 
     </span>
    </p>
   </div>
   <div class='ocr_carea' id='block_1_44' title="bbox 422 3105 2019 3181">
    <p class='ocr_par' dir='ltr' id='par_1_44' title="bbox 422 3105 2019 3181">
     <span class='ocr_line' id='line_1_44' title="bbox 422 3105 2019 3181; baseline -0.008 -8"><span class='ocrx_word' id='word_1_281' title='bbox 422 3133 521 3173; x_wconf 90' lang='lat' dir='ltr'>sua</span> <span class='ocrx_word' id='word_1_282' title='bbox 550 3114 749 3181; x_wconf 88' lang='lat' dir='ltr'>emisit,</span> <span class='ocrx_word' id='word_1_283' title='bbox 773 3119 827 3168; x_wconf 90' lang='lat' dir='ltr'>et</span> <span class='ocrx_word' id='word_1_284' title='bbox 855 3111 1075 3167; x_wconf 84' lang='lat' dir='ltr'>exclusa</span> <span class='ocrx_word' id='word_1_285' title='bbox 1103 3106 1606 3165; x_wconf 74' lang='lat' dir='ltr'>omnihaereditaria</span> <span class='ocrx_word' id='word_1_286' title='bbox 1634 3105 2019 3177; x_wconf 88' lang='lat' dir='ltr'>postulatione,</span> 
     </span>
    </p>
   </div>
   <div class='ocr_carea' id='block_1_45' title="bbox 419 3194 2022 3266">
    <p class='ocr_par' dir='ltr' id='par_1_45' title="bbox 419 3194 2022 3266">
     <span class='ocr_line' id='line_1_45' title="bbox 419 3194 2022 3266; baseline -0.008 -3"><span class='ocrx_word' id='word_1_287' title='bbox 419 3208 475 3263; x_wconf 89' lang='lat' dir='ltr'>in</span> <span class='ocrx_word' id='word_1_288' title='bbox 505 3212 750 3262; x_wconf 90' lang='lat' dir='ltr'>nostram</span> <span class='ocrx_word' id='word_1_289' title='bbox 798 3199 1132 3256; x_wconf 89' lang='lat' dir='ltr'>dominicam</span> <span class='ocrx_word' id='word_1_290' title='bbox 1174 3212 1401 3252; x_wconf 90' lang='lat' dir='ltr'>manum</span> <span class='ocrx_word' id='word_1_291' title='bbox 1452 3195 1714 3266; x_wconf 89' lang='lat' dir='ltr'>reposuit,</span> <span class='ocrx_word' id='word_1_292' title='bbox 1777 3194 2022 3265; x_wconf 86' lang='lat' dir='ltr'>nihilque</span> 
     </span>
    </p>
   </div>
   <div class='ocr_carea' id='block_1_46' title="bbox 2125 2042 3713 2113">
    <p class='ocr_par' dir='ltr' id='par_1_46' title="bbox 2125 2042 3713 2113">
     <span class='ocr_line' id='line_1_46' title="bbox 2125 2042 3713 2113; baseline 0.003 -16"><span class='ocrx_word' id='word_1_293' title='bbox 2125 2057 2263 2113; x_wconf 88' lang='lat' dir='ltr'>pace</span> <span class='ocrx_word' id='word_1_294' title='bbox 2300 2042 2602 2113; x_wconf 87' lang='lat' dir='ltr'>possideat,</span> <span class='ocrx_word' id='word_1_295' title='bbox 2672 2050 2727 2098; x_wconf 90' lang='lat' dir='ltr'>et</span> <span class='ocrx_word' id='word_1_296' title='bbox 2763 2043 3093 2100; x_wconf 89' lang='lat' dir='ltr'>conferenda</span> <span class='ocrx_word' id='word_1_297' title='bbox 3131 2045 3419 2101; x_wconf 86' lang='lat' dir='ltr'>devotione</span> <span class='ocrx_word' id='word_1_298' title='bbox 3479 2043 3713 2101; x_wconf 86' lang='lat' dir='ltr'>ﬁdelium</span> 
     </span>
    </p>
   </div>
   <div class='ocr_carea' id='block_1_47' title="bbox 2128 2131 3716 2206">
    <p class='ocr_par' dir='ltr' id='par_1_47' title="bbox 2128 2131 3716 2206">
     <span class='ocr_line' id='line_1_47' title="bbox 2128 2131 3716 2206; baseline 0.003 -20"><span class='ocrx_word' id='word_1_299' title='bbox 2128 2131 2296 2187; x_wconf 89' lang='lat' dir='ltr'>libere</span> <span class='ocrx_word' id='word_1_300' title='bbox 2318 2132 2571 2203; x_wconf 87' lang='lat' dir='ltr'>accipiat.</span> <span class='ocrx_word' id='word_1_301' title='bbox 2601 2134 2663 2187; x_wconf 88' lang='lat' dir='ltr'><strong>In</strong></span> <span class='ocrx_word' id='word_1_302' title='bbox 2686 2132 2884 2205; x_wconf 89' lang='lat' dir='ltr'>quibus</span> <span class='ocrx_word' id='word_1_303' title='bbox 2912 2133 3165 2189; x_wconf 88' lang='lat' dir='ltr'>omnibus</span> <span class='ocrx_word' id='word_1_304' title='bbox 3203 2149 3305 2206; x_wconf 86' lang='lat' dir='ltr'>pro</span> <span class='ocrx_word' id='word_1_305' title='bbox 3335 2133 3509 2191; x_wconf 86' lang='lat' dir='ltr'>salute</span> <span class='ocrx_word' id='word_1_306' title='bbox 3523 2134 3716 2191; x_wconf 66' lang='lat' dir='ltr'>animo:</span> 
     </span>
    </p>
   </div>
   <div class='ocr_carea' id='block_1_48' title="bbox 2126 2221 3718 2294">
    <p class='ocr_par' dir='ltr' id='par_1_48' title="bbox 2126 2221 3718 2294">
     <span class='ocr_line' id='line_1_48' title="bbox 2126 2221 3718 2294; baseline 0.003 -18"><span class='ocrx_word' id='word_1_307' title='bbox 2126 2229 2330 2276; x_wconf 59' lang='lat' dir='ltr'>nostra;</span> <span class='ocrx_word' id='word_1_308' title='bbox 2368 2221 2550 2277; x_wconf 88' lang='lat' dir='ltr'>omnia</span> <span class='ocrx_word' id='word_1_309' title='bbox 2600 2222 2727 2292; x_wconf 89' lang='lat' dir='ltr'>jura</span> <span class='ocrx_word' id='word_1_310' title='bbox 2763 2230 2949 2277; x_wconf 88' lang='lat' dir='ltr'>nostra</span> <span class='ocrx_word' id='word_1_311' title='bbox 2988 2222 3092 2294; x_wconf 90' lang='lat' dir='ltr'>ipsi</span> <span class='ocrx_word' id='word_1_312' title='bbox 3128 2222 3377 2280; x_wconf 70' lang='lat' dir='ltr'>ecclesiae</span> <span class='ocrx_word' id='word_1_313' title='bbox 3440 2224 3718 2281; x_wconf 83' lang='lat' dir='ltr'>remittere</span> 
     </span>
    </p>
   </div>
   <div class='ocr_carea' id='block_1_49' title="bbox 2126 2309 3720 2385">
    <p class='ocr_par' dir='ltr' id='par_1_49' title="bbox 2126 2309 3720 2385">
     <span class='ocr_line' id='line_1_49' title="bbox 2126 2309 3720 2385; baseline 0.002 -20"><span class='ocrx_word' id='word_1_314' title='bbox 2126 2309 2425 2378; x_wconf 83' lang='lat' dir='ltr'>voluimus,</span> <span class='ocrx_word' id='word_1_315' title='bbox 2456 2317 2510 2366; x_wconf 89' lang='lat' dir='ltr'>et</span> <span class='ocrx_word' id='word_1_316' title='bbox 2530 2318 2588 2365; x_wconf 91' lang='lat' dir='ltr'>ut</span> <span class='ocrx_word' id='word_1_317' title='bbox 2615 2310 2798 2366; x_wconf 90' lang='lat' dir='ltr'>nullus</span> <span class='ocrx_word' id='word_1_318' title='bbox 2837 2312 3158 2380; x_wconf 83' lang='lat' dir='ltr'>advocatus,</span> <span class='ocrx_word' id='word_1_319' title='bbox 3216 2327 3320 2369; x_wconf 89' lang='lat' dir='ltr'>nec</span> <span class='ocrx_word' id='word_1_320' title='bbox 3346 2312 3539 2385; x_wconf 78' lang='lat' dir='ltr'>aliquis</span> <span class='ocrx_word' id='word_1_321' title='bbox 3568 2312 3720 2369; x_wconf 87' lang='lat' dir='ltr'>mini-</span> 
     </span>
    </p>
   </div>
   <div class='ocr_carea' id='block_1_50' title="bbox 2127 2401 3712 2472">
    <p class='ocr_par' dir='ltr' id='par_1_50' title="bbox 2127 2401 3712 2472">
     <span class='ocr_line' id='line_1_50' title="bbox 2127 2401 3712 2472; baseline 0.003 -19"><span class='ocrx_word' id='word_1_322' title='bbox 2127 2407 2369 2455; x_wconf 87' lang='lat' dir='ltr'>strorum</span> <span class='ocrx_word' id='word_1_323' title='bbox 2400 2407 2735 2464; x_wconf 85' lang='lat' dir='ltr'>nostrorum,</span> <span class='ocrx_word' id='word_1_324' title='bbox 2759 2416 2925 2471; x_wconf 89' lang='lat' dir='ltr'>super</span> <span class='ocrx_word' id='word_1_325' title='bbox 2954 2401 3057 2458; x_wconf 87' lang='lat' dir='ltr'>hoc</span> <span class='ocrx_word' id='word_1_326' title='bbox 3087 2401 3138 2457; x_wconf 89' lang='lat' dir='ltr'>ei</span> <span class='ocrx_word' id='word_1_327' title='bbox 3168 2401 3465 2458; x_wconf 89' lang='lat' dir='ltr'>molestiam</span> <span class='ocrx_word' id='word_1_328' title='bbox 3499 2401 3712 2472; x_wconf 82' lang='lat' dir='ltr'>inferat,</span> 
     </span>
    </p>
   </div>
   <div class='ocr_carea' id='block_1_51' title="bbox 2126 2496 3721 2570">
    <p class='ocr_par' dir='ltr' id='par_1_51' title="bbox 2126 2496 3721 2570">
     <span class='ocr_line' id='line_1_51' title="bbox 2126 2496 3721 2570; baseline 0.002 -17"><span class='ocrx_word' id='word_1_329' title='bbox 2126 2496 2215 2553; x_wconf 90' lang='lat' dir='ltr'>vel</span> <span class='ocrx_word' id='word_1_330' title='bbox 2243 2497 2572 2553; x_wconf 83' lang='lat' dir='ltr'>calumniam</span> <span class='ocrx_word' id='word_1_331' title='bbox 2609 2498 2865 2570; x_wconf 91' lang='lat' dir='ltr'>cupidine</span> <span class='ocrx_word' id='word_1_332' title='bbox 2901 2507 3139 2566; x_wconf 86' lang='lat' dir='ltr'>moveat,</span> <span class='ocrx_word' id='word_1_333' title='bbox 3197 2500 3515 2556; x_wconf 86' lang='lat' dir='ltr'>auctoritate</span> <span class='ocrx_word' id='word_1_334' title='bbox 3538 2500 3639 2556; x_wconf 91' lang='lat' dir='ltr'>Dei</span> <span class='ocrx_word' id='word_1_335' title='bbox 3663 2506 3721 2556; x_wconf 91' lang='lat' dir='ltr'>et</span> 
     </span>
    </p>
   </div>
   <div class='ocr_carea' id='block_1_52' title="bbox 2125 2587 3716 2659">
    <p class='ocr_par' dir='ltr' id='par_1_52' title="bbox 2125 2587 3716 2659">
     <span class='ocr_line' id='line_1_52' title="bbox 2125 2587 3716 2659; baseline 0.003 -19"><span class='ocrx_word' id='word_1_336' title='bbox 2125 2593 2314 2641; x_wconf 89' lang='lat' dir='ltr'>nostra</span> <span class='ocrx_word' id='word_1_337' title='bbox 2342 2587 2713 2657; x_wconf 84' lang='lat' dir='ltr'>praecipiendo</span> <span class='ocrx_word' id='word_1_338' title='bbox 2770 2588 2872 2642; x_wconf 89' lang='lat' dir='ltr'>sub</span> <span class='ocrx_word' id='word_1_339' title='bbox 2900 2590 3245 2644; x_wconf 87' lang='lat' dir='ltr'>anathemate</span> <span class='ocrx_word' id='word_1_340' title='bbox 3297 2588 3670 2645; x_wconf 87' lang='lat' dir='ltr'>interdicimus</span> <span class='ocrx_word' id='word_1_341' title='bbox 3699 2603 3716 2659; x_wconf 84' lang='lat'><strong>;</strong></span> 
     </span>
    </p>
   </div>
   <div class='ocr_carea' id='block_1_53' title="bbox 2124 2675 3721 2749">
    <p class='ocr_par' dir='ltr' id='par_1_53' title="bbox 2124 2675 3721 2749">
     <span class='ocr_line' id='line_1_53' title="bbox 2124 2675 3721 2749; baseline 0.003 -21"><span class='ocrx_word' id='word_1_342' title='bbox 2124 2675 2260 2729; x_wconf 90' lang='lat' dir='ltr'>nihil</span> <span class='ocrx_word' id='word_1_343' title='bbox 2287 2675 2431 2730; x_wconf 88' lang='lat' dir='ltr'>enim</span> <span class='ocrx_word' id='word_1_344' title='bbox 2457 2676 2596 2745; x_wconf 86' lang='lat' dir='ltr'>juris</span> <span class='ocrx_word' id='word_1_345' title='bbox 2626 2676 2731 2731; x_wconf 90' lang='lat' dir='ltr'>nisi</span> <span class='ocrx_word' id='word_1_346' title='bbox 2751 2691 2784 2732; x_wconf 91' lang='lat' dir='ltr'>a</span> <span class='ocrx_word' id='word_1_347' title='bbox 2810 2676 2990 2743; x_wconf 78' lang='lat' dir='ltr'>nobis,</span> <span class='ocrx_word' id='word_1_348' title='bbox 3013 2677 3146 2731; x_wconf 88' lang='lat' dir='ltr'>nihil</span> <span class='ocrx_word' id='word_1_349' title='bbox 3176 2678 3458 2749; x_wconf 80' lang='lat' dir='ltr'>potestatis</span> <span class='ocrx_word' id='word_1_350' title='bbox 3487 2678 3592 2733; x_wconf 85' lang='lat' dir='ltr'>nisi</span> <span class='ocrx_word' id='word_1_351' title='bbox 3618 2693 3721 2749; x_wconf 87' lang='lat' dir='ltr'>per</span> 
     </span>
    </p>
   </div>
   <div class='ocr_carea' id='block_1_54' title="bbox 2123 2764 3721 2839">
    <p class='ocr_par' dir='ltr' id='par_1_54' title="bbox 2123 2764 3721 2839">
     <span class='ocr_line' id='line_1_54' title="bbox 2123 2764 3721 2839; baseline 0.003 -21"><span class='ocrx_word' id='word_1_352' title='bbox 2123 2778 2246 2835; x_wconf 89' lang='lat' dir='ltr'>nos,</span> <span class='ocrx_word' id='word_1_353' title='bbox 2278 2764 2333 2818; x_wconf 91' lang='lat' dir='ltr'>in</span> <span class='ocrx_word' id='word_1_354' title='bbox 2364 2764 2451 2819; x_wconf 89' lang='lat' dir='ltr'>his</span> <span class='ocrx_word' id='word_1_355' title='bbox 2478 2765 2735 2821; x_wconf 88' lang='lat' dir='ltr'>omnibus</span> <span class='ocrx_word' id='word_1_356' title='bbox 2782 2765 2978 2820; x_wconf 86' lang='lat' dir='ltr'>habeat</span> <span class='ocrx_word' id='word_1_357' title='bbox 3003 2765 3197 2839; x_wconf 88' lang='lat' dir='ltr'>aliquis</span> <span class='ocrx_word' id='word_1_358' title='bbox 3215 2781 3422 2822; x_wconf 89' lang='lat' dir='ltr'>eorum.</span> <span class='ocrx_word' id='word_1_359' title='bbox 3456 2764 3616 2834; x_wconf 86' lang='lat' dir='ltr'>Quod</span> <span class='ocrx_word' id='word_1_360' title='bbox 3666 2766 3721 2823; x_wconf 83' lang='lat' dir='ltr'>si</span> 
     </span>
    </p>
   </div>
   <div class='ocr_carea' id='block_1_55' title="bbox 2124 2853 3720 2924">
    <p class='ocr_par' dir='ltr' id='par_1_55' title="bbox 2124 2853 3720 2924">
     <span class='ocr_line' id='line_1_55' title="bbox 2124 2853 3720 2924; baseline 0 -14"><span class='ocrx_word' id='word_1_361' title='bbox 2124 2853 2421 2924; x_wconf 85' lang='lat' dir='ltr'>cupiditate</span> <span class='ocrx_word' id='word_1_362' title='bbox 2441 2853 2653 2923; x_wconf 89' lang='lat' dir='ltr'>ductus,</span> <span class='ocrx_word' id='word_1_363' title='bbox 2684 2853 2812 2909; x_wconf 91' lang='lat' dir='ltr'>inde</span> <span class='ocrx_word' id='word_1_364' title='bbox 2839 2854 3142 2910; x_wconf 87' lang='lat' dir='ltr'>molestiam</span> <span class='ocrx_word' id='word_1_365' title='bbox 3187 2854 3435 2913; x_wconf 66' lang='lat' dir='ltr'>ecclesia:</span> <span class='ocrx_word' id='word_1_366' title='bbox 3461 2853 3720 2922; x_wconf 88' lang='lat' dir='ltr'>intulerit,</span> 
     </span>
    </p>
   </div>
   <div class='ocr_carea' id='block_1_56' title="bbox 2124 2942 3720 3016">
    <p class='ocr_par' dir='ltr' id='par_1_56' title="bbox 2124 2942 3720 3016">
     <span class='ocr_line' id='line_1_56' title="bbox 2124 2942 3720 3016; baseline 0.001 -18"><span class='ocrx_word' id='word_1_367' title='bbox 2124 2943 2487 2998; x_wconf 82' lang='lat' dir='ltr'>anathematis</span> <span class='ocrx_word' id='word_1_368' title='bbox 2516 2942 2692 2999; x_wconf 90' lang='lat' dir='ltr'>nostri</span> <span class='ocrx_word' id='word_1_369' title='bbox 2741 2943 2958 3000; x_wconf 90' lang='lat' dir='ltr'>vinculo</span> <span class='ocrx_word' id='word_1_370' title='bbox 2989 2943 3208 3016; x_wconf 89' lang='lat' dir='ltr'>ligatus,</span> <span class='ocrx_word' id='word_1_371' title='bbox 3238 2944 3437 3001; x_wconf 66' lang='lat' dir='ltr'>divinae</span> <span class='ocrx_word' id='word_1_372' title='bbox 3484 2944 3720 3015; x_wconf 62' lang='lat' dir='ltr'>justitia</span> 
     </span>
    </p>
   </div>
   <div class='ocr_carea' id='block_1_57' title="bbox 2122 3030 3718 3090">
    <p class='ocr_par' dir='ltr' id='par_1_57' title="bbox 2122 3030 3718 3090">
     <span class='ocr_line' id='line_1_57' title="bbox 2122 3030 3718 3090; baseline 0.002 -4"><span class='ocrx_word' id='word_1_373' title='bbox 2122 3046 2250 3087; x_wconf 91' lang='lat' dir='ltr'>reus</span> <span class='ocrx_word' id='word_1_374' title='bbox 2279 3030 2407 3087; x_wconf 86' lang='lat' dir='ltr'>erit.</span> <span class='ocrx_word' id='word_1_375' title='bbox 2444 3030 2654 3087; x_wconf 89' lang='lat' dir='ltr'>Deinde</span> <span class='ocrx_word' id='word_1_376' title='bbox 2678 3047 2802 3087; x_wconf 91' lang='lat' dir='ltr'>cum</span> <span class='ocrx_word' id='word_1_377' title='bbox 2831 3031 3024 3088; x_wconf 88' lang='lat' dir='ltr'>eadem</span> <span class='ocrx_word' id='word_1_378' title='bbox 3045 3031 3280 3089; x_wconf 87' lang='lat' dir='ltr'>ecclesia</span> <span class='ocrx_word' id='word_1_379' title='bbox 3312 3033 3406 3088; x_wconf 91' lang='lat' dir='ltr'>Dei</span> <span class='ocrx_word' id='word_1_380' title='bbox 3434 3033 3718 3090; x_wconf 87' lang='lat' dir='ltr'>donocre-</span> 
     </span>
    </p>
   </div>
   <div class='ocr_carea' id='block_1_58' title="bbox 2122 3120 3720 3193">
    <p class='ocr_par' dir='ltr' id='par_1_58' title="bbox 2122 3120 3720 3193">
     <span class='ocr_line' id='line_1_58' title="bbox 2122 3120 3720 3193; baseline 0.001 -16"><span class='ocrx_word' id='word_1_381' title='bbox 2122 3120 2313 3186; x_wconf 80' lang='lat' dir='ltr'>visaet,</span> <span class='ocrx_word' id='word_1_382' title='bbox 2345 3128 2399 3175; x_wconf 92' lang='lat' dir='ltr'>et</span> <span class='ocrx_word' id='word_1_383' title='bbox 2426 3120 2680 3177; x_wconf 84' lang='lat' dir='ltr'>abbatem</span> <span class='ocrx_word' id='word_1_384' title='bbox 2705 3121 2897 3192; x_wconf 90' lang='lat' dir='ltr'>adepta</span> <span class='ocrx_word' id='word_1_385' title='bbox 2924 3120 3141 3188; x_wconf 89' lang='lat' dir='ltr'>fuisset,</span> <span class='ocrx_word' id='word_1_386' title='bbox 3172 3122 3290 3193; x_wconf 90' lang='lat' dir='ltr'>ipse</span> <span class='ocrx_word' id='word_1_387' title='bbox 3319 3120 3507 3189; x_wconf 86' lang='lat' dir='ltr'>abbas,</span> <span class='ocrx_word' id='word_1_388' title='bbox 3539 3123 3720 3179; x_wconf 89' lang='lat' dir='ltr'>Sche-</span> 
     </span>
    </p>
   </div>
   <div class='ocr_carea' id='block_1_59' title="bbox 2123 3208 3719 3279">
    <p class='ocr_par' dir='ltr' id='par_1_59' title="bbox 2123 3208 3719 3279">
     <span class='ocr_line' id='line_1_59' title="bbox 2123 3208 3719 3279; baseline 0.003 -15"><span class='ocrx_word' id='word_1_389' title='bbox 2123 3225 2219 3264; x_wconf 88' lang='lat' dir='ltr'>rus</span> <span class='ocrx_word' id='word_1_390' title='bbox 2248 3208 2495 3279; x_wconf 90' lang='lat' dir='ltr'>nomine,</span> <span class='ocrx_word' id='word_1_391' title='bbox 2528 3209 2640 3265; x_wconf 88' lang='lat' dir='ltr'>vita</span> <span class='ocrx_word' id='word_1_392' title='bbox 2669 3218 2721 3265; x_wconf 93' lang='lat' dir='ltr'>et</span> <span class='ocrx_word' id='word_1_393' title='bbox 2771 3209 3017 3266; x_wconf 87' lang='lat' dir='ltr'>moribus</span> <span class='ocrx_word' id='word_1_394' title='bbox 3046 3211 3328 3278; x_wconf 87' lang='lat' dir='ltr'>honestus,</span> <span class='ocrx_word' id='word_1_395' title='bbox 3376 3219 3430 3267; x_wconf 90' lang='lat' dir='ltr'>et</span> <span class='ocrx_word' id='word_1_396' title='bbox 3482 3211 3719 3269; x_wconf 87' lang='lat' dir='ltr'>consilio</span> 
     </span>
    </p>
   </div>
   <div class='ocr_carea' id='block_1_60' title="bbox 419 3283 3719 3380">
    <p class='ocr_par' dir='ltr' id='par_1_60' title="bbox 419 3283 3719 3380">
     <span class='ocr_line' id='line_1_60' title="bbox 419 3283 3719 3380; baseline -0.001 -29"><span class='ocrx_word' id='word_1_397' title='bbox 419 3293 725 3351; x_wconf 89' lang='lat' dir='ltr'>donationis</span> <span class='ocrx_word' id='word_1_398' title='bbox 753 3290 837 3346; x_wconf 90' lang='lat' dir='ltr'>vel</span> <span class='ocrx_word' id='word_1_399' title='bbox 866 3287 1185 3351; x_wconf 72' lang='lat' dir='ltr'>advocatize,</span> <span class='ocrx_word' id='word_1_400' title='bbox 1208 3286 1344 3380; x_wconf 78' lang='lat' dir='ltr'>nihil</span> <span class='ocrx_word' id='word_1_401' title='bbox 1374 3283 1752 3380; x_wconf 74' lang='lat' dir='ltr'>omninojuris</span> <span class='ocrx_word' id='word_1_402' title='bbox 1778 3283 2016 3380; x_wconf 38' lang='lat' dir='ltr'>ali-cujus</span> <span class='ocrx_word' id='word_1_403' title='bbox 2046 3298 2097 3361; x_wconf 75' lang='grc' dir='ltr'>ί]</span> <span class='ocrx_word' id='word_1_404' title='bbox 2126 3309 2408 3380; x_wconf 54' lang='lat' dir='ltr'>providus,</span> <span class='ocrx_word' id='word_1_405' title='bbox 2441 3308 2803 3365; x_wconf 58' lang='lat' dir='ltr'>considerans</span> <span class='ocrx_word' id='word_1_406' title='bbox 2833 3308 3089 3364; x_wconf 49' lang='lat' dir='ltr'>malitiam</span> <span class='ocrx_word' id='word_1_407' title='bbox 3139 3309 3193 3364; x_wconf 72' lang='lat' dir='ltr'>in</span> <span class='ocrx_word' id='word_1_408' title='bbox 3221 3310 3340 3365; x_wconf 65' lang='lat' dir='ltr'>dies</span> <span class='ocrx_word' id='word_1_409' title='bbox 3365 3310 3719 3367; x_wconf 60' lang='lat' dir='ltr'>subcrescere</span> 
     </span>
    </p>
   </div>
   <div class='ocr_carea' id='block_1_61' title="bbox 417 3372 2010 3445">
    <p class='ocr_par' dir='ltr' id='par_1_61' title="bbox 417 3372 2010 3445">
     <span class='ocr_line' id='line_1_61' title="bbox 417 3372 2010 3445; baseline -0.009 -4"><span class='ocrx_word' id='word_1_410' title='bbox 417 3386 472 3441; x_wconf 89' lang='lat' dir='ltr'>in</span> <span class='ocrx_word' id='word_1_411' title='bbox 500 3399 665 3439; x_wconf 91' lang='lat' dir='ltr'>manu</span> <span class='ocrx_word' id='word_1_412' title='bbox 689 3395 792 3436; x_wconf 89' lang='lat' dir='ltr'>sua</span> <span class='ocrx_word' id='word_1_413' title='bbox 826 3377 1072 3435; x_wconf 87' lang='lat' dir='ltr'>retinuit.</span> <span class='ocrx_word' id='word_1_414' title='bbox 1103 3375 1388 3432; x_wconf 86' lang='lat' dir='ltr'>Gerardus</span> <span class='ocrx_word' id='word_1_415' title='bbox 1430 3389 1648 3445; x_wconf 88' lang='lat' dir='ltr'>quoque</span> <span class='ocrx_word' id='word_1_416' title='bbox 1678 3373 1746 3428; x_wconf 90' lang='lat' dir='ltr'>de</span> <span class='ocrx_word' id='word_1_417' title='bbox 1776 3372 2010 3440; x_wconf 86' lang='lat' dir='ltr'>Briccio,</span> 
     </span>
    </p>
   </div>
   <div class='ocr_carea' id='block_1_62' title="bbox 324 3462 2012 3537">
    <p class='ocr_par' dir='ltr' id='par_1_62' title="bbox 324 3462 2012 3537">
     <span class='ocr_line' id='line_1_62' title="bbox 324 3462 2012 3537; baseline -0.008 -6"><span class='ocrx_word' id='word_1_418' title='bbox 324 3468 343 3486; x_wconf 67' lang='grc'>⁸</span> <span class='ocrx_word' id='word_1_419' title='bbox 415 3474 559 3530; x_wconf 91' lang='lat' dir='ltr'>ﬁlius</span> <span class='ocrx_word' id='word_1_420' title='bbox 615 3468 863 3536; x_wconf 82' lang='lat' dir='ltr'>Valfridi,</span> <span class='ocrx_word' id='word_1_421' title='bbox 909 3466 1085 3537; x_wconf 87' lang='lat' dir='ltr'>capita</span> <span class='ocrx_word' id='word_1_422' title='bbox 1143 3463 1425 3520; x_wconf 89' lang='lat' dir='ltr'>hominum</span> <span class='ocrx_word' id='word_1_423' title='bbox 1488 3462 1769 3533; x_wconf 88' lang='lat' dir='ltr'>utriusque</span> <span class='ocrx_word' id='word_1_424' title='bbox 1827 3477 2012 3528; x_wconf 83' lang='lat' dir='ltr'>sexus,</span> 
     </span>
    </p>
   </div>
   <div class='ocr_carea' id='block_1_63' title="bbox 420 3550 2013 3636">
    <p class='ocr_par' dir='ltr' id='par_1_63' title="bbox 420 3550 2013 3636">
     <span class='ocr_line' id='line_1_63' title="bbox 420 3550 2013 3636; baseline -0.009 -17"><span class='ocrx_word' id='word_1_425' title='bbox 420 3569 705 3636; x_wconf 89' lang='lat' dir='ltr'>quotquot,</span> <span class='ocrx_word' id='word_1_426' title='bbox 737 3558 791 3612; x_wconf 90' lang='lat' dir='ltr'>in</span> <span class='ocrx_word' id='word_1_427' title='bbox 821 3556 1011 3612; x_wconf 88' lang='lat' dir='ltr'>eadem</span> <span class='ocrx_word' id='word_1_428' title='bbox 1041 3553 1171 3609; x_wconf 91' lang='lat' dir='ltr'>villa</span> <span class='ocrx_word' id='word_1_429' title='bbox 1207 3560 1636 3615; x_wconf 88' lang='lat' dir='ltr'>commanentes,</span> <span class='ocrx_word' id='word_1_430' title='bbox 1671 3550 1821 3621; x_wconf 89' lang='lat' dir='ltr'>quod</span> <span class='ocrx_word' id='word_1_431' title='bbox 1853 3566 1883 3604; x_wconf 90' lang='lat' dir='ltr'>a</span> <span class='ocrx_word' id='word_1_432' title='bbox 1908 3566 2013 3606; x_wconf 86' lang='lat' dir='ltr'>no-</span> 
     </span>
    </p>
   </div>
   <div class='ocr_carea' id='block_1_64' title="bbox 416 3640 2014 3712">
    <p class='ocr_par' dir='ltr' id='par_1_64' title="bbox 416 3640 2014 3712">
     <span class='ocr_line' id='line_1_64' title="bbox 416 3640 2014 3712; baseline -0.009 -5"><span class='ocrx_word' id='word_1_433' title='bbox 416 3653 503 3708; x_wconf 90' lang='lat' dir='ltr'>bis</span> <span class='ocrx_word' id='word_1_434' title='bbox 531 3653 587 3706; x_wconf 91' lang='lat' dir='ltr'>in</span> <span class='ocrx_word' id='word_1_435' title='bbox 610 3646 875 3704; x_wconf 90' lang='lat' dir='ltr'>beneﬁcio</span> <span class='ocrx_word' id='word_1_436' title='bbox 894 3644 1132 3712; x_wconf 88' lang='lat' dir='ltr'>tenebat,</span> <span class='ocrx_word' id='word_1_437' title='bbox 1193 3642 1248 3697; x_wconf 92' lang='lat' dir='ltr'>in</span> <span class='ocrx_word' id='word_1_438' title='bbox 1271 3640 1603 3697; x_wconf 90' lang='lat' dir='ltr'>dominicam</span> <span class='ocrx_word' id='word_1_439' title='bbox 1632 3655 1851 3694; x_wconf 88' lang='lat' dir='ltr'>manum</span> <span class='ocrx_word' id='word_1_440' title='bbox 1909 3654 2014 3694; x_wconf 87' lang='lat' dir='ltr'>no-</span> 
     </span>
    </p>
   </div>
   <div class='ocr_carea' id='block_1_65' title="bbox 417 3735 1485 3809">
    <p class='ocr_par' dir='ltr' id='par_1_65' title="bbox 417 3735 1485 3809">
     <span class='ocr_line' id='line_1_65' title="bbox 417 3735 1485 3809; baseline -0.015 -12"><span class='ocrx_word' id='word_1_441' title='bbox 417 3750 581 3798; x_wconf 89' lang='lat' dir='ltr'>stram</span> <span class='ocrx_word' id='word_1_442' title='bbox 609 3735 874 3809; x_wconf 88' lang='lat' dir='ltr'>reposuit.</span> <span class='ocrx_word' id='word_1_443' title='bbox 1482 3804 1485 3805; x_wconf 14' lang='grc' dir='ltr'><em>ν</em></span> 
     </span>
    </p>
   </div>
   <div class='ocr_carea' id='block_1_66' title="bbox 491 3816 2014 3898">
    <p class='ocr_par' dir='ltr' id='par_1_66' title="bbox 491 3816 2014 3898">
     <span class='ocr_line' id='line_1_66' title="bbox 491 3816 2014 3898; baseline -0.01 -11"><span class='ocrx_word' id='word_1_444' title='bbox 491 3830 695 3887; x_wconf 84' lang='lat' dir='ltr'>Horum</span> <span class='ocrx_word' id='word_1_445' title='bbox 725 3827 893 3898; x_wconf 83' lang='lat' dir='ltr'>igitur</span> <span class='ocrx_word' id='word_1_446' title='bbox 921 3820 1201 3881; x_wconf 87' lang='lat' dir='ltr'>devotioni</span> <span class='ocrx_word' id='word_1_447' title='bbox 1230 3817 1697 3892; x_wconf 79' lang='lat' dir='ltr'>congratulantes,</span> <span class='ocrx_word' id='word_1_448' title='bbox 1728 3832 1831 3873; x_wconf 91' lang='lat' dir='ltr'>nos</span> <span class='ocrx_word' id='word_1_449' title='bbox 1849 3816 2014 3887; x_wconf 85' lang='lat' dir='ltr'>etiam</span> 
     </span>
    </p>
   </div>
   <div class='ocr_carea' id='block_1_67' title="bbox 411 3906 2011 3995">
    <p class='ocr_par' dir='ltr' id='par_1_67' title="bbox 411 3906 2011 3995">
     <span class='ocr_line' id='line_1_67' title="bbox 411 3906 2011 3995; baseline -0.011 -17"><span class='ocrx_word' id='word_1_450' title='bbox 411 3927 675 3995; x_wconf 88' lang='lat' dir='ltr'>quotquot</span> <span class='ocrx_word' id='word_1_451' title='bbox 704 3914 956 3972; x_wconf 91' lang='lat' dir='ltr'>homines</span> <span class='ocrx_word' id='word_1_452' title='bbox 977 3913 1033 3968; x_wconf 92' lang='lat' dir='ltr'>in</span> <span class='ocrx_word' id='word_1_453' title='bbox 1049 3911 1244 3968; x_wconf 86' lang='lat' dir='ltr'>eadem</span> <span class='ocrx_word' id='word_1_454' title='bbox 1291 3908 1898 3995; x_wconf 10' lang='lat' dir='ltr'>villagcommanentes</span> <span class='ocrx_word' id='word_1_455' title='bbox 1942 3906 2011 3961; x_wconf 90' lang='lat' dir='ltr'>ad</span> 
     </span>
    </p>
   </div>
   <div class='ocr_carea' id='block_1_68' title="bbox 414 3990 2014 4069">
    <p class='ocr_par' dir='ltr' id='par_1_68' title="bbox 414 3990 2014 4069">
     <span class='ocr_line' id='line_1_68' title="bbox 414 3990 2014 4069; baseline -0.012 -4"><span class='ocrx_word' id='word_1_456' title='bbox 414 3990 660 4065; x_wconf 72' lang='lat' dir='ltr'>nostram</span> <span class='ocrx_word' id='word_1_457' title='bbox 713 4014 961 4057; x_wconf 89' lang='lat' dir='ltr'>mensam</span> <span class='ocrx_word' id='word_1_458' title='bbox 1007 3997 1344 4069; x_wconf 88' lang='lat' dir='ltr'>pertinentes</span> <span class='ocrx_word' id='word_1_459' title='bbox 1374 3993 1731 4058; x_wconf 89' lang='lat' dir='ltr'>habebamus,</span> <span class='ocrx_word' id='word_1_460' title='bbox 1773 3990 1842 4046; x_wconf 86' lang='lat' dir='ltr'>ad</span> <span class='ocrx_word' id='word_1_461' title='bbox 1884 3990 2014 4046; x_wconf 86' lang='lat' dir='ltr'>inte-</span> 
     </span>
    </p>
   </div>
   <div class='ocr_carea' id='block_1_69' title="bbox 411 4080 2013 4172">
    <p class='ocr_par' dir='ltr' id='par_1_69' title="bbox 411 4080 2013 4172">
     <span class='ocr_line' id='line_1_69' title="bbox 411 4080 2013 4172; baseline -0.011 -18"><span class='ocrx_word' id='word_1_462' title='bbox 411 4098 668 4172; x_wconf 85' lang='lat' dir='ltr'>gritatem</span> <span class='ocrx_word' id='word_1_463' title='bbox 697 4088 1029 4147; x_wconf 89' lang='lat' dir='ltr'>dominicam</span> <span class='ocrx_word' id='word_1_464' title='bbox 1060 4086 1128 4141; x_wconf 90' lang='lat' dir='ltr'>de</span> <span class='ocrx_word' id='word_1_465' title='bbox 1156 4084 1302 4141; x_wconf 91' lang='lat' dir='ltr'>victu</span> <span class='ocrx_word' id='word_1_466' title='bbox 1333 4090 1522 4138; x_wconf 85' lang='lat' dir='ltr'>nostro</span> <span class='ocrx_word' id='word_1_467' title='bbox 1545 4080 2013 4172; x_wconf 17' lang='lat' dir='ltr'>Aemisimus.Hanc</span> 
     </span>
    </p>
   </div>
   <div class='ocr_carea' id='block_1_70' title="bbox 419 4168 2012 4261">
    <p class='ocr_par' dir='ltr' id='par_1_70' title="bbox 419 4168 2012 4261">
     <span class='ocr_line' id='line_1_70' title="bbox 419 4168 2012 4261; baseline -0.014 -17"><span class='ocrx_word' id='word_1_468' title='bbox 419 4168 555 4261; x_wconf 71' lang='lat' dir='ltr'>ergo</span> <span class='ocrx_word' id='word_1_469' title='bbox 583 4182 787 4247; x_wconf 89' lang='lat' dir='ltr'>villam,</span> <span class='ocrx_word' id='word_1_470' title='bbox 810 4194 935 4235; x_wconf 92' lang='lat' dir='ltr'>cum</span> <span class='ocrx_word' id='word_1_471' title='bbox 981 4174 1352 4245; x_wconf 83' lang='lat' dir='ltr'>redintegrata</span> <span class='ocrx_word' id='word_1_472' title='bbox 1394 4170 1654 4226; x_wconf 89' lang='lat' dir='ltr'>membris</span> <span class='ocrx_word' id='word_1_473' title='bbox 1684 4173 1799 4225; x_wconf 90' lang='lat' dir='ltr'>suis</span> <span class='ocrx_word' id='word_1_474' title='bbox 1829 4176 1881 4224; x_wconf 91' lang='lat' dir='ltr'>et</span> <span class='ocrx_word' id='word_1_475' title='bbox 1922 4168 2012 4223; x_wconf 86' lang='lat' dir='ltr'>in-</span> 
     </span>
    </p>
   </div>
   <div class='ocr_carea' id='block_1_71' title="bbox 404 4258 2012 4340">
    <p class='ocr_par' dir='ltr' id='par_1_71' title="bbox 404 4258 2012 4340">
     <span class='ocr_line' id='line_1_71' title="bbox 404 4258 2012 4340; baseline -0.013 -6"><span class='ocrx_word' id='word_1_476' title='bbox 404 4258 749 4340; x_wconf 44' lang='lat' dir='ltr'>-dominicata</span> <span class='ocrx_word' id='word_1_477' title='bbox 779 4267 990 4333; x_wconf 80' lang='lat' dir='ltr'>fuisset,</span> <span class='ocrx_word' id='word_1_478' title='bbox 1033 4263 1263 4322; x_wconf 90' lang='lat' dir='ltr'>consilio</span> <span class='ocrx_word' id='word_1_479' title='bbox 1297 4269 1348 4317; x_wconf 90' lang='lat' dir='ltr'>et</span> <span class='ocrx_word' id='word_1_480' title='bbox 1380 4276 1612 4317; x_wconf 87' lang='lat' dir='ltr'>assensu</span> <span class='ocrx_word' id='word_1_481' title='bbox 1669 4258 2012 4330; x_wconf 87' lang='lat' dir='ltr'>supradicto-</span> 
     </span>
    </p>
   </div>
   <div class='ocr_carea' id='block_1_72' title="bbox 419 4348 2011 4428">
    <p class='ocr_par' dir='ltr' id='par_1_72' title="bbox 419 4348 2011 4428">
     <span class='ocr_line' id='line_1_72' title="bbox 419 4348 2011 4428; baseline -0.013 -4"><span class='ocrx_word' id='word_1_482' title='bbox 419 4382 538 4424; x_wconf 89' lang='lat' dir='ltr'>rum</span> <span class='ocrx_word' id='word_1_483' title='bbox 570 4362 829 4426; x_wconf 91' lang='lat' dir='ltr'>virorum,</span> <span class='ocrx_word' id='word_1_484' title='bbox 869 4371 1036 4428; x_wconf 91' lang='lat' dir='ltr'>super</span> <span class='ocrx_word' id='word_1_485' title='bbox 1082 4353 1254 4408; x_wconf 92' lang='lat' dir='ltr'>altare</span> <span class='ocrx_word' id='word_1_486' title='bbox 1303 4349 1447 4406; x_wconf 89' lang='lat' dir='ltr'>beati</span> <span class='ocrx_word' id='word_1_487' title='bbox 1474 4349 1672 4405; x_wconf 82' lang='lat' dir='ltr'>Leonis</span> <span class='ocrx_word' id='word_1_488' title='bbox 1719 4348 1888 4403; x_wconf 86' lang='lat' dir='ltr'>libere</span> <span class='ocrx_word' id='word_1_489' title='bbox 1919 4363 2011 4404; x_wconf 91' lang='lat' dir='ltr'>re-</span> 
     </span>
    </p>
   </div>
   <div class='ocr_carea' id='block_1_73' title="bbox 412 4436 2012 4532">
    <p class='ocr_par' dir='ltr' id='par_1_73' title="bbox 412 4436 2012 4532">
     <span class='ocr_line' id='line_1_73' title="bbox 412 4436 2012 4532; baseline -0.013 -19"><span class='ocrx_word' id='word_1_490' title='bbox 412 4453 719 4532; x_wconf 89' lang='lat' dir='ltr'>posuimus,</span> <span class='ocrx_word' id='word_1_491' title='bbox 751 4452 805 4503; x_wconf 87' lang='lat' dir='ltr'>et</span> <span class='ocrx_word' id='word_1_492' title='bbox 833 4446 904 4502; x_wconf 91' lang='lat' dir='ltr'>ad</span> <span class='ocrx_word' id='word_1_493' title='bbox 933 4442 1287 4532; x_wconf 70' lang='lat' dir='ltr'>prmbendam</span> <span class='ocrx_word' id='word_1_494' title='bbox 1334 4439 1558 4495; x_wconf 76' lang='lat' dir='ltr'>fratrum</span> <span class='ocrx_word' id='word_1_495' title='bbox 1587 4437 1722 4493; x_wconf 91' lang='lat' dir='ltr'>inibi</span> <span class='ocrx_word' id='word_1_496' title='bbox 1752 4436 2012 4532; x_wconf 58' lang='lat' dir='ltr'>Domino</span> 
     </span>
    </p>
   </div>
   <div class='ocr_carea' id='block_1_74' title="bbox 418 4526 2010 4608">
    <p class='ocr_par' dir='ltr' id='par_1_74' title="bbox 418 4526 2010 4608">
     <span class='ocr_line' id='line_1_74' title="bbox 418 4526 2010 4608; baseline -0.014 -4"><span class='ocrx_word' id='word_1_497' title='bbox 418 4526 780 4604; x_wconf 75' lang='lat' dir='ltr'>servientium</span> <span class='ocrx_word' id='word_1_498' title='bbox 809 4535 912 4608; x_wconf 91' lang='lat' dir='ltr'>ipsi</span> <span class='ocrx_word' id='word_1_499' title='bbox 942 4531 1191 4591; x_wconf 68' lang='lat' dir='ltr'>ecclesia:</span> <span class='ocrx_word' id='word_1_500' title='bbox 1219 4529 1275 4585; x_wconf 88' lang='lat' dir='ltr'>in</span> <span class='ocrx_word' id='word_1_501' title='bbox 1305 4536 1572 4601; x_wconf 90' lang='lat' dir='ltr'>perpetuo</span> <span class='ocrx_word' id='word_1_502' title='bbox 1618 4526 2010 4598; x_wconf 88' lang='lat' dir='ltr'>possidendam</span> 
     </span>
    </p>
   </div>
   <div class='ocr_carea' id='block_1_75' title="bbox 415 4615 2009 4694">
    <p class='ocr_par' dir='ltr' id='par_1_75' title="bbox 415 4615 2009 4694">
     <span class='ocr_line' id='line_1_75' title="bbox 415 4615 2009 4694; baseline -0.015 0"><span class='ocrx_word' id='word_1_503' title='bbox 415 4635 518 4694; x_wconf 90' lang='lat' dir='ltr'>sub</span> <span class='ocrx_word' id='word_1_504' title='bbox 549 4630 892 4689; x_wconf 88' lang='lat' dir='ltr'>anathemate</span> <span class='ocrx_word' id='word_1_505' title='bbox 922 4619 1389 4680; x_wconf 83' lang='lat' dir='ltr'>confirmavimus.</span> <span class='ocrx_word' id='word_1_506' title='bbox 1452 4616 1818 4689; x_wconf 84' lang='lat' dir='ltr'>Reposuimus</span> <span class='ocrx_word' id='word_1_507' title='bbox 1848 4615 2009 4672; x_wconf 89' lang='lat' dir='ltr'>etiam</span> 
     </span>
    </p>
   </div>
   <div class='ocr_carea' id='block_1_76' title="bbox 415 4706 2008 4797">
    <p class='ocr_par' dir='ltr' id='par_1_76' title="bbox 415 4706 2008 4797">
     <span class='ocr_line' id='line_1_76' title="bbox 415 4706 2008 4797; baseline -0.014 -15"><span class='ocrx_word' id='word_1_508' title='bbox 415 4740 578 4797; x_wconf 88' lang='lat' dir='ltr'>super</span> <span class='ocrx_word' id='word_1_509' title='bbox 605 4722 784 4792; x_wconf 92' lang='lat' dir='ltr'>ipsum</span> <span class='ocrx_word' id='word_1_510' title='bbox 806 4715 980 4771; x_wconf 87' lang='lat' dir='ltr'>altare</span> <span class='ocrx_word' id='word_1_511' title='bbox 1016 4710 1161 4767; x_wconf 88' lang='lat' dir='ltr'>beati</span> <span class='ocrx_word' id='word_1_512' title='bbox 1192 4707 1408 4773; x_wconf 87' lang='lat' dir='ltr'>Leonis,</span> <span class='ocrx_word' id='word_1_513' title='bbox 1438 4707 1494 4797; x_wconf 86' lang='lat' dir='ltr'>in</span> <span class='ocrx_word' id='word_1_514' title='bbox 1525 4706 1708 4797; x_wconf 76' lang='lat' dir='ltr'>hanno</span> <span class='ocrx_word' id='word_1_515' title='bbox 1766 4712 1820 4761; x_wconf 87' lang='lat' dir='ltr'>et</span> <span class='ocrx_word' id='word_1_516' title='bbox 1836 4713 2008 4797; x_wconf 81' lang='lat' dir='ltr'>pote-</span> 
     </span>
    </p>
   </div>
   <div class='ocr_carea' id='block_1_77' title="bbox 415 4794 2011 4872">
    <p class='ocr_par' dir='ltr' id='par_1_77' title="bbox 415 4794 2011 4872">
     <span class='ocr_line' id='line_1_77' title="bbox 415 4794 2011 4872; baseline -0.016 0"><span class='ocrx_word' id='word_1_517' title='bbox 415 4794 553 4872; x_wconf 78' lang='lat' dir='ltr'>state</span> <span class='ocrx_word' id='word_1_518' title='bbox 580 4800 1225 4871; x_wconf 82' lang='lat' dir='ltr'>Maseriarum,croadam</span> <span class='ocrx_word' id='word_1_519' title='bbox 1255 4796 1541 4870; x_wconf 88' lang='lat' dir='ltr'>quamdam</span> <span class='ocrx_word' id='word_1_520' title='bbox 1572 4795 1813 4866; x_wconf 89' lang='lat' dir='ltr'>desuper</span> <span class='ocrx_word' id='word_1_521' title='bbox 1832 4794 2011 4867; x_wconf 89' lang='lat' dir='ltr'>ipsam</span> 
     </span>
    </p>
   </div>
   <div class='ocr_carea' id='block_1_78' title="bbox 410 4883 2012 4965">
    <p class='ocr_par' dir='ltr' id='par_1_78' title="bbox 410 4883 2012 4965">
     <span class='ocr_line' id='line_1_78' title="bbox 410 4883 2012 4965; baseline -0.015 -4"><span class='ocrx_word' id='word_1_522' title='bbox 410 4904 597 4965; x_wconf 89' lang='lat' dir='ltr'>villam</span> <span class='ocrx_word' id='word_1_523' title='bbox 629 4899 770 4960; x_wconf 86' lang='lat' dir='ltr'>inter</span> <span class='ocrx_word' id='word_1_524' title='bbox 799 4894 991 4951; x_wconf 87' lang='lat' dir='ltr'>vineas</span> <span class='ocrx_word' id='word_1_525' title='bbox 1014 4898 1065 4947; x_wconf 90' lang='lat' dir='ltr'>et</span> <span class='ocrx_word' id='word_1_526' title='bbox 1095 4896 1243 4962; x_wconf 87' lang='lat' dir='ltr'>prata</span> <span class='ocrx_word' id='word_1_527' title='bbox 1268 4888 1565 4957; x_wconf 88' lang='lat' dir='ltr'>jacentem,</span> <span class='ocrx_word' id='word_1_528' title='bbox 1599 4883 1749 4940; x_wconf 91' lang='lat' dir='ltr'>omni</span> <span class='ocrx_word' id='word_1_529' title='bbox 1778 4883 2012 4940; x_wconf 87' lang='lat' dir='ltr'>decima-</span> 
     </span>
    </p>
   </div>
   <div class='ocr_carea' id='block_1_79' title="bbox 411 4972 2010 5052">
    <p class='ocr_par' dir='ltr' id='par_1_79' title="bbox 411 4972 2010 5052">
     <span class='ocr_line' id='line_1_79' title="bbox 411 4972 2010 5052; baseline -0.015 0"><span class='ocrx_word' id='word_1_530' title='bbox 411 4995 559 5052; x_wconf 92' lang='lat' dir='ltr'>tione</span> <span class='ocrx_word' id='word_1_531' title='bbox 592 4996 645 5047; x_wconf 89' lang='lat' dir='ltr'>et</span> <span class='ocrx_word' id='word_1_532' title='bbox 676 4998 847 5044; x_wconf 88' lang='lat' dir='ltr'>censu</span> <span class='ocrx_word' id='word_1_533' title='bbox 903 4981 1158 5047; x_wconf 90' lang='lat' dir='ltr'>liberam,</span> <span class='ocrx_word' id='word_1_534' title='bbox 1195 4984 1247 5033; x_wconf 90' lang='lat' dir='ltr'>et</span> <span class='ocrx_word' id='word_1_535' title='bbox 1274 4983 1488 5048; x_wconf 89' lang='lat' dir='ltr'>pratum</span> <span class='ocrx_word' id='word_1_536' title='bbox 1537 4974 1684 5030; x_wconf 90' lang='lat' dir='ltr'>inter</span> <span class='ocrx_word' id='word_1_537' title='bbox 1738 4972 2010 5044; x_wconf 81' lang='lat' dir='ltr'>publicam</span> 
     </span>
    </p>
   </div>
   <div class='ocr_carea' id='block_1_80' title="bbox 411 5066 2008 5149">
    <p class='ocr_par' dir='ltr' id='par_1_80' title="bbox 411 5066 2008 5149">
     <span class='ocr_line' id='line_1_80' title="bbox 411 5066 2008 5149; baseline -0.013 -10"><span class='ocrx_word' id='word_1_538' title='bbox 411 5089 635 5139; x_wconf 84' lang='lat' dir='ltr'>stratam</span> <span class='ocrx_word' id='word_1_539' title='bbox 667 5084 719 5133; x_wconf 92' lang='lat' dir='ltr'>et</span> <span class='ocrx_word' id='word_1_540' title='bbox 740 5082 961 5149; x_wconf 87' lang='lat' dir='ltr'>pratum</span> <span class='ocrx_word' id='word_1_541' title='bbox 1003 5077 1247 5125; x_wconf 90' lang='lat' dir='ltr'>nostrum</span> <span class='ocrx_word' id='word_1_542' title='bbox 1288 5066 1584 5136; x_wconf 83' lang='lat' dir='ltr'>jacentem,</span> <span class='ocrx_word' id='word_1_543' title='bbox 1638 5078 1737 5134; x_wconf 89' lang='lat' dir='ltr'>pro</span> <span class='ocrx_word' id='word_1_544' title='bbox 1767 5078 1878 5134; x_wconf 89' lang='lat' dir='ltr'>quo</span> <span class='ocrx_word' id='word_1_545' title='bbox 1907 5078 2008 5119; x_wconf 91' lang='lat' dir='ltr'>cu-</span> 
     </span>
    </p>
   </div>
   <div class='ocr_carea' id='block_1_81' title="bbox 411 5152 2008 5229">
    <p class='ocr_par' dir='ltr' id='par_1_81' title="bbox 411 5152 2008 5229">
     <span class='ocr_line' id='line_1_81' title="bbox 411 5152 2008 5229; baseline -0.013 1"><span class='ocrx_word' id='word_1_546' title='bbox 411 5171 661 5229; x_wconf 87' lang='lat' dir='ltr'>stodibus</span> <span class='ocrx_word' id='word_1_547' title='bbox 692 5163 855 5222; x_wconf 89' lang='lat' dir='ltr'>banni</span> <span class='ocrx_word' id='word_1_548' title='bbox 885 5162 1171 5218; x_wconf 85' lang='lat' dir='ltr'>solvuntur</span> <span class='ocrx_word' id='word_1_549' title='bbox 1202 5164 1438 5229; x_wconf 90' lang='lat' dir='ltr'>quatuor</span> <span class='ocrx_word' id='word_1_550' title='bbox 1493 5153 1719 5209; x_wconf 89' lang='lat' dir='ltr'>nummi.</span> <span class='ocrx_word' id='word_1_551' title='bbox 1753 5152 2008 5224; x_wconf 88' lang='lat' dir='ltr'>Denique</span> 
     </span>
    </p>
   </div>
   <div class='ocr_carea' id='block_1_82' title="bbox 408 5241 2009 5335">
    <p class='ocr_par' dir='ltr' id='par_1_82' title="bbox 408 5241 2009 5335">
     <span class='ocr_line' id='line_1_82' title="bbox 408 5241 2009 5335; baseline -0.013 -18"><span class='ocrx_word' id='word_1_552' title='bbox 408 5258 773 5335; x_wconf 82' lang='lat' dir='ltr'>praesentibus</span> <span class='ocrx_word' id='word_1_553' title='bbox 815 5262 865 5309; x_wconf 93' lang='lat' dir='ltr'>et</span> <span class='ocrx_word' id='word_1_554' title='bbox 906 5250 1099 5307; x_wconf 85' lang='lat' dir='ltr'>futuris</span> <span class='ocrx_word' id='word_1_555' title='bbox 1142 5247 1393 5303; x_wconf 89' lang='lat' dir='ltr'>volumus</span> <span class='ocrx_word' id='word_1_556' title='bbox 1443 5251 1632 5301; x_wconf 88' lang='lat' dir='ltr'>notum</span> <span class='ocrx_word' id='word_1_557' title='bbox 1659 5241 1777 5299; x_wconf 90' lang='lat' dir='ltr'>ﬁeri</span> <span class='ocrx_word' id='word_1_558' title='bbox 1824 5243 2009 5335; x_wconf 59' lang='lat' dir='ltr'>Iliase-</span> 
     </span>
    </p>
   </div>
   <div class='ocr_carea' id='block_1_83' title="bbox 385 5331 2003 5407">
    <p class='ocr_par' dir='ltr' id='par_1_83' title="bbox 385 5331 2003 5407">
     <span class='ocr_line' id='line_1_83' title="bbox 385 5331 2003 5407; baseline -0.013 -1"><span class='ocrx_word' id='word_1_559' title='bbox 385 5331 613 5407; x_wconf 75' lang='lat' dir='ltr'>-riarum</span> <span class='ocrx_word' id='word_1_560' title='bbox 686 5354 740 5403; x_wconf 84' lang='lat' dir='ltr'>et</span> <span class='ocrx_word' id='word_1_561' title='bbox 801 5337 1219 5399; x_wconf 86' lang='lat' dir='ltr'>Martinimontis</span> <span class='ocrx_word' id='word_1_562' title='bbox 1295 5334 1451 5402; x_wconf 84' lang='lat' dir='ltr'>ﬁnes,</span> <span class='ocrx_word' id='word_1_563' title='bbox 1494 5349 1752 5406; x_wconf 89' lang='lat' dir='ltr'>pascuas,</span> <span class='ocrx_word' id='word_1_564' title='bbox 1814 5331 2003 5400; x_wconf 89' lang='lat' dir='ltr'>silvas,</span> 
     </span>
    </p>
   </div>
   <div class='ocr_carea' id='block_1_84' title="bbox 386 5421 2005 5495">
    <p class='ocr_par' dir='ltr' id='par_1_84' title="bbox 386 5421 2005 5495">
     <span class='ocr_line' id='line_1_84' title="bbox 386 5421 2005 5495; baseline -0.014 1"><span class='ocrx_word' id='word_1_565' title='bbox 386 5439 627 5495; x_wconf 82' lang='lat' dir='ltr'>-omnino</span> <span class='ocrx_word' id='word_1_566' title='bbox 669 5437 746 5492; x_wconf 84' lang='lat' dir='ltr'>ita</span> <span class='ocrx_word' id='word_1_567' title='bbox 774 5448 897 5490; x_wconf 89' lang='lat' dir='ltr'>esse</span> <span class='ocrx_word' id='word_1_568' title='bbox 947 5443 1268 5488; x_wconf 90' lang='lat' dir='ltr'>communes</span> <span class='ocrx_word' id='word_1_569' title='bbox 1312 5433 1371 5481; x_wconf 93' lang='lat' dir='ltr'>ut</span> <span class='ocrx_word' id='word_1_570' title='bbox 1420 5424 1613 5495; x_wconf 74' lang='lat' dir='ltr'>injuria</span> <span class='ocrx_word' id='word_1_571' title='bbox 1658 5430 1712 5478; x_wconf 89' lang='lat' dir='ltr'>et</span> <span class='ocrx_word' id='word_1_572' title='bbox 1748 5421 2005 5492; x_wconf 88' lang='lat' dir='ltr'>injustitia</span> 
     </span>
    </p>
   </div>
   <div class='ocr_carea' id='block_1_85' title="bbox 402 5513 2002 5595">
    <p class='ocr_par' dir='ltr' id='par_1_85' title="bbox 402 5513 2002 5595">
     <span class='ocr_line' id='line_1_85' title="bbox 402 5513 2002 5595; baseline -0.011 -12"><span class='ocrx_word' id='word_1_573' title='bbox 402 5527 493 5595; x_wconf 89' lang='lat' dir='ltr'>sit,</span> <span class='ocrx_word' id='word_1_574' title='bbox 517 5527 565 5583; x_wconf 91' lang='lat' dir='ltr'>si</span> <span class='ocrx_word' id='word_1_575' title='bbox 592 5525 685 5581; x_wconf 90' lang='lat' dir='ltr'>alii</span> <span class='ocrx_word' id='word_1_576' title='bbox 712 5523 850 5579; x_wconf 89' lang='lat' dir='ltr'>alios</span> <span class='ocrx_word' id='word_1_577' title='bbox 877 5521 945 5577; x_wconf 89' lang='lat' dir='ltr'>ab</span> <span class='ocrx_word' id='word_1_578' title='bbox 1000 5519 1086 5576; x_wconf 88' lang='lat' dir='ltr'>his</span> <span class='ocrx_word' id='word_1_579' title='bbox 1114 5516 1369 5576; x_wconf 89' lang='lat' dir='ltr'>omnibus</span> <span class='ocrx_word' id='word_1_580' title='bbox 1392 5513 1688 5571; x_wconf 84' lang='lat' dir='ltr'>excludere</span> <span class='ocrx_word' id='word_1_581' title='bbox 1732 5526 2002 5583; x_wconf 82' lang='lat' dir='ltr'>praesum-</span> 
     </span>
    </p>
   </div>
   <div class='ocr_carea' id='block_1_86' title="bbox 404 5600 2003 5688">
    <p class='ocr_par' dir='ltr' id='par_1_86' title="bbox 404 5600 2003 5688">
     <span class='ocr_line' id='line_1_86' title="bbox 404 5600 2003 5688; baseline -0.011 -16"><span class='ocrx_word' id='word_1_582' title='bbox 404 5617 613 5688; x_wconf 88' lang='lat' dir='ltr'>pserint</span> <span class='ocrx_word' id='word_1_583' title='bbox 643 5632 659 5683; x_wconf 85' lang='lat'><strong>;</strong></span> <span class='ocrx_word' id='word_1_584' title='bbox 685 5611 819 5684; x_wconf 90' lang='lat' dir='ltr'>ipsis</span> <span class='ocrx_word' id='word_1_585' title='bbox 840 5610 983 5666; x_wconf 91' lang='lat' dir='ltr'>enim</span> <span class='ocrx_word' id='word_1_586' title='bbox 1027 5615 1081 5663; x_wconf 90' lang='lat' dir='ltr'>et</span> <span class='ocrx_word' id='word_1_587' title='bbox 1101 5603 1426 5663; x_wconf 89' lang='lat' dir='ltr'>animalibus</span> <span class='ocrx_word' id='word_1_588' title='bbox 1452 5604 1587 5672; x_wconf 88' lang='lat' dir='ltr'>suis,</span> <span class='ocrx_word' id='word_1_589' title='bbox 1650 5600 1769 5657; x_wconf 91' lang='lat' dir='ltr'>sine</span> <span class='ocrx_word' id='word_1_590' title='bbox 1799 5600 2003 5655; x_wconf 89' lang='lat' dir='ltr'>damno</span> 
     </span>
    </p>
   </div>
   <div class='ocr_carea' id='block_1_87' title="bbox 403 5690 2002 5763">
    <p class='ocr_par' dir='ltr' id='par_1_87' title="bbox 403 5690 2002 5763">
     <span class='ocr_line' id='line_1_87' title="bbox 403 5690 2002 5763; baseline -0.009 -5"><span class='ocrx_word' id='word_1_591' title='bbox 403 5702 489 5759; x_wconf 90' lang='lat' dir='ltr'>bis</span> <span class='ocrx_word' id='word_1_592' title='bbox 519 5700 876 5761; x_wconf 87' lang='lat' dir='ltr'>communiter</span> <span class='ocrx_word' id='word_1_593' title='bbox 902 5697 979 5753; x_wconf 89' lang='lat' dir='ltr'>uti</span> <span class='ocrx_word' id='word_1_594' title='bbox 1020 5690 1229 5753; x_wconf 86' lang='lat' dir='ltr'>lieebit.</span> <span class='ocrx_word' id='word_1_595' title='bbox 1271 5692 1431 5763; x_wconf 90' lang='lat' dir='ltr'>Quod</span> <span class='ocrx_word' id='word_1_596' title='bbox 1486 5692 1532 5747; x_wconf 88' lang='lat' dir='ltr'>si</span> <span class='ocrx_word' id='word_1_597' title='bbox 1559 5691 1711 5763; x_wconf 80' lang='lat' dir='ltr'>forte</span> <span class='ocrx_word' id='word_1_598' title='bbox 1746 5690 2002 5745; x_wconf 90' lang='lat' dir='ltr'>damnum</span> 
     </span>
    </p>
   </div>
   <div class='ocr_carea' id='block_1_88' title="bbox 402 5778 1998 5861">
    <p class='ocr_par' dir='ltr' id='par_1_88' title="bbox 402 5778 1998 5861">
     <span class='ocr_line' id='line_1_88' title="bbox 402 5778 1998 5861; baseline -0.008 -17"><span class='ocrx_word' id='word_1_599' title='bbox 402 5790 520 5847; x_wconf 89' lang='lat' dir='ltr'>ﬁeri</span> <span class='ocrx_word' id='word_1_600' title='bbox 540 5787 851 5861; x_wconf 82' lang='lat' dir='ltr'>contigerit,</span> <span class='ocrx_word' id='word_1_601' title='bbox 884 5802 983 5857; x_wconf 91' lang='lat' dir='ltr'>per</span> <span class='ocrx_word' id='word_1_602' title='bbox 1001 5783 1314 5839; x_wconf 89' lang='lat' dir='ltr'>ﬁdelitatem</span> <span class='ocrx_word' id='word_1_603' title='bbox 1343 5781 1623 5838; x_wconf 90' lang='lat' dir='ltr'>hominum</span> <span class='ocrx_word' id='word_1_604' title='bbox 1658 5778 1998 5846; x_wconf 88' lang='lat' dir='ltr'>restituatur,</span> 
     </span>
    </p>
   </div>
   <div class='ocr_carea' id='block_1_89' title="bbox 404 5866 1997 5952">
    <p class='ocr_par' dir='ltr' id='par_1_89' title="bbox 404 5866 1997 5952">
     <span class='ocr_line' id='line_1_89' title="bbox 404 5866 1997 5952; baseline -0.009 -18"><span class='ocrx_word' id='word_1_605' title='bbox 404 5887 457 5934; x_wconf 90' lang='lat' dir='ltr'>et</span> <span class='ocrx_word' id='word_1_606' title='bbox 483 5896 582 5952; x_wconf 88' lang='lat' dir='ltr'>pro</span> <span class='ocrx_word' id='word_1_607' title='bbox 607 5875 815 5949; x_wconf 90' lang='lat' dir='ltr'>justitia</span> <span class='ocrx_word' id='word_1_608' title='bbox 846 5872 1011 5928; x_wconf 88' lang='lat' dir='ltr'>banni</span> <span class='ocrx_word' id='word_1_609' title='bbox 1058 5872 1229 5928; x_wconf 88' lang='lat' dir='ltr'>nostri</span> <span class='ocrx_word' id='word_1_610' title='bbox 1260 5875 1599 5928; x_wconf 88' lang='lat' dir='ltr'>remittantur</span> <span class='ocrx_word' id='word_1_611' title='bbox 1629 5870 1737 5924; x_wconf 93' lang='lat' dir='ltr'>duo</span> <span class='ocrx_word' id='word_1_612' title='bbox 1769 5866 1997 5936; x_wconf 89' lang='lat' dir='ltr'>nummi,</span> 
     </span>
    </p>
   </div>
   <div class='ocr_carea' id='block_1_90' title="bbox 406 5955 1998 6040">
    <p class='ocr_par' dir='ltr' id='par_1_90' title="bbox 406 5955 1998 6040">
     <span class='ocr_line' id='line_1_90' title="bbox 406 5955 1998 6040; baseline -0.013 -11"><span class='ocrx_word' id='word_1_613' title='bbox 406 5975 460 6029; x_wconf 79' lang='lat' dir='ltr'>et</span> <span class='ocrx_word' id='word_1_614' title='bbox 487 5984 595 6027; x_wconf 86' lang='lat' dir='ltr'>non</span> <span class='ocrx_word' id='word_1_615' title='bbox 618 5963 852 6040; x_wconf 88' lang='lat' dir='ltr'>amplius</span> <span class='ocrx_word' id='word_1_616' title='bbox 872 5959 1281 6035; x_wconf 73' lang='lat' dir='ltr'>persolvuntur.</span> <span class='ocrx_word' id='word_1_617' title='bbox 1337 5958 1498 6027; x_wconf 87' lang='lat' dir='ltr'>Quod</span> <span class='ocrx_word' id='word_1_618' title='bbox 1544 5957 1630 6027; x_wconf 90' lang='lat' dir='ltr'>jus</span> <span class='ocrx_word' id='word_1_619' title='bbox 1660 5956 1715 6013; x_wconf 89' lang='lat' dir='ltr'>in</span> <span class='ocrx_word' id='word_1_620' title='bbox 1746 5955 1998 6012; x_wconf 88' lang='lat' dir='ltr'>omnibus</span> 
     </span>
    </p>
   </div>
   <div class='ocr_carea' id='block_1_91' title="bbox 2125 3397 3717 3469">
    <p class='ocr_par' dir='ltr' id='par_1_91' title="bbox 2125 3397 3717 3469">
     <span class='ocr_line' id='line_1_91' title="bbox 2125 3397 3717 3469; baseline 0.001 -17"><span class='ocrx_word' id='word_1_621' title='bbox 2125 3397 2427 3467; x_wconf 87' lang='lat' dir='ltr'>hominum,</span> <span class='ocrx_word' id='word_1_622' title='bbox 2451 3405 2510 3452; x_wconf 89' lang='lat' dir='ltr'>et</span> <span class='ocrx_word' id='word_1_623' title='bbox 2537 3413 2858 3469; x_wconf 71' lang='lat' dir='ltr'>praecavens</span> <span class='ocrx_word' id='word_1_624' title='bbox 2899 3399 2954 3452; x_wconf 91' lang='lat' dir='ltr'>in</span> <span class='ocrx_word' id='word_1_625' title='bbox 3006 3406 3304 3469; x_wconf 90' lang='lat' dir='ltr'>posterum,</span> <span class='ocrx_word' id='word_1_626' title='bbox 3334 3407 3387 3454; x_wconf 89' lang='lat' dir='ltr'>et</span> <span class='ocrx_word' id='word_1_627' title='bbox 3430 3400 3717 3455; x_wconf 80' lang='lat' dir='ltr'>attendens</span> 
     </span>
    </p>
   </div>
   <div class='ocr_carea' id='block_1_92' title="bbox 2125 3486 3715 3558">
    <p class='ocr_par' dir='ltr' id='par_1_92' title="bbox 2125 3486 3715 3558">
     <span class='ocr_line' id='line_1_92' title="bbox 2125 3486 3715 3558; baseline 0.001 -17"><span class='ocrx_word' id='word_1_628' title='bbox 2125 3488 2242 3542; x_wconf 91' lang='lat' dir='ltr'>sine</span> <span class='ocrx_word' id='word_1_629' title='bbox 2270 3486 2605 3558; x_wconf 85' lang='lat' dir='ltr'>providentia</span> <span class='ocrx_word' id='word_1_630' title='bbox 2653 3487 2886 3555; x_wconf 83' lang='lat' dir='ltr'>alicujus</span> <span class='ocrx_word' id='word_1_631' title='bbox 2924 3487 3184 3558; x_wconf 84' lang='lat' dir='ltr'>principis</span> <span class='ocrx_word' id='word_1_632' title='bbox 3237 3488 3483 3543; x_wconf 90' lang='lat' dir='ltr'>eamdem</span> <span class='ocrx_word' id='word_1_633' title='bbox 3532 3489 3715 3544; x_wconf 82' lang='lat' dir='ltr'>villam</span> 
     </span>
    </p>
   </div>
   <div class='ocr_carea' id='block_1_93' title="bbox 2123 3576 3714 3634">
    <p class='ocr_par' dir='ltr' id='par_1_93' title="bbox 2123 3576 3714 3634">
     <span class='ocr_line' id='line_1_93' title="bbox 2123 3576 3714 3634; baseline 0.002 -3"><span class='ocrx_word' id='word_1_634' title='bbox 2123 3577 2192 3631; x_wconf 90' lang='lat' dir='ltr'>ab</span> <span class='ocrx_word' id='word_1_635' title='bbox 2220 3576 2659 3632; x_wconf 85' lang='lat' dir='ltr'>infestationibus</span> <span class='ocrx_word' id='word_1_636' title='bbox 2679 3576 3091 3633; x_wconf 86' lang='lat' dir='ltr'>malefactorum</span> <span class='ocrx_word' id='word_1_637' title='bbox 3112 3593 3360 3633; x_wconf 88' lang='lat' dir='ltr'>securam</span> <span class='ocrx_word' id='word_1_638' title='bbox 3389 3577 3532 3633; x_wconf 91' lang='lat' dir='ltr'>nullo</span> <span class='ocrx_word' id='word_1_639' title='bbox 3549 3577 3714 3634; x_wconf 87' lang='lat' dir='ltr'>modo</span> 
     </span>
    </p>
   </div>
   <div class='ocr_carea' id='block_1_94' title="bbox 2123 3674 3714 3746">
    <p class='ocr_par' dir='ltr' id='par_1_94' title="bbox 2123 3674 3714 3746">
     <span class='ocr_line' id='line_1_94' title="bbox 2123 3674 3714 3746; baseline 0.001 -16"><span class='ocrx_word' id='word_1_640' title='bbox 2123 3689 2221 3745; x_wconf 91' lang='lat' dir='ltr'>per</span> <span class='ocrx_word' id='word_1_641' title='bbox 2247 3690 2309 3730; x_wconf 89' lang='lat' dir='ltr'>se</span> <span class='ocrx_word' id='word_1_642' title='bbox 2337 3674 2597 3742; x_wconf 87' lang='lat' dir='ltr'>existere,</span> <span class='ocrx_word' id='word_1_643' title='bbox 2624 3683 2807 3731; x_wconf 90' lang='lat' dir='ltr'>nostro</span> <span class='ocrx_word' id='word_1_644' title='bbox 2836 3683 2889 3732; x_wconf 89' lang='lat' dir='ltr'>et</span> <span class='ocrx_word' id='word_1_645' title='bbox 2912 3675 3293 3746; x_wconf 77' lang='lat' dir='ltr'>religiosorum</span> <span class='ocrx_word' id='word_1_646' title='bbox 3318 3675 3553 3732; x_wconf 83' lang='lat' dir='ltr'>virorum</span> <span class='ocrx_word' id='word_1_647' title='bbox 3570 3678 3714 3732; x_wconf 89' lang='lat' dir='ltr'>bono</span> 
     </span>
    </p>
   </div>
   <div class='ocr_carea' id='block_1_95' title="bbox 2122 3763 3714 3837">
    <p class='ocr_par' dir='ltr' id='par_1_95' title="bbox 2122 3763 3714 3837">
     <span class='ocr_line' id='line_1_95' title="bbox 2122 3763 3714 3837; baseline 0.001 -19"><span class='ocrx_word' id='word_1_648' title='bbox 2122 3779 2255 3818; x_wconf 90' lang='lat' dir='ltr'>usus</span> <span class='ocrx_word' id='word_1_649' title='bbox 2293 3763 2544 3831; x_wconf 87' lang='lat' dir='ltr'>consilio,</span> <span class='ocrx_word' id='word_1_650' title='bbox 2566 3780 2690 3820; x_wconf 89' lang='lat' dir='ltr'>cum</span> <span class='ocrx_word' id='word_1_651' title='bbox 2721 3780 2821 3834; x_wconf 88' lang='lat' dir='ltr'>pro</span> <span class='ocrx_word' id='word_1_652' title='bbox 2877 3764 3112 3837; x_wconf 91' lang='lat' dir='ltr'>quodam</span> <span class='ocrx_word' id='word_1_653' title='bbox 3143 3764 3362 3835; x_wconf 85' lang='lat' dir='ltr'>negotio</span> <span class='ocrx_word' id='word_1_654' title='bbox 3391 3779 3495 3836; x_wconf 84' lang='lat' dir='ltr'>ego</span> <span class='ocrx_word' id='word_1_655' title='bbox 3522 3773 3577 3821; x_wconf 90' lang='lat' dir='ltr'>et</span> <span class='ocrx_word' id='word_1_656' title='bbox 3602 3765 3714 3820; x_wconf 80' lang='lat' dir='ltr'>dux</span> 
     </span>
    </p>
   </div>
   <div class='ocr_carea' id='block_1_96' title="bbox 2122 3851 3713 3926">
    <p class='ocr_par' dir='ltr' id='par_1_96' title="bbox 2122 3851 3713 3926">
     <span class='ocr_line' id='line_1_96' title="bbox 2122 3851 3713 3926; baseline 0.001 -19"><span class='ocrx_word' id='word_1_657' title='bbox 2122 3852 2511 3920; x_wconf 89' lang='lat' dir='ltr'>Theodericus,</span> <span class='ocrx_word' id='word_1_658' title='bbox 2543 3860 2597 3908; x_wconf 91' lang='lat' dir='ltr'>et</span> <span class='ocrx_word' id='word_1_659' title='bbox 2625 3853 2812 3910; x_wconf 90' lang='lat' dir='ltr'>Simon</span> <span class='ocrx_word' id='word_1_660' title='bbox 2834 3870 2969 3926; x_wconf 91' lang='lat' dir='ltr'>puer</span> <span class='ocrx_word' id='word_1_661' title='bbox 2998 3856 3118 3922; x_wconf 90' lang='lat' dir='ltr'>ejus</span> <span class='ocrx_word' id='word_1_662' title='bbox 3146 3851 3308 3921; x_wconf 87' lang='lat' dir='ltr'>ﬁlius,</span> <span class='ocrx_word' id='word_1_663' title='bbox 3340 3862 3394 3909; x_wconf 91' lang='lat' dir='ltr'>et</span> <span class='ocrx_word' id='word_1_664' title='bbox 3423 3854 3584 3910; x_wconf 85' lang='lat' dir='ltr'>frater</span> <span class='ocrx_word' id='word_1_665' title='bbox 3612 3854 3713 3909; x_wconf 82' lang='lat' dir='ltr'>du-</span> 
     </span>
    </p>
   </div>
   <div class='ocr_carea' id='block_1_97' title="bbox 2122 3940 3710 4009">
    <p class='ocr_par' dir='ltr' id='par_1_97' title="bbox 2122 3940 3710 4009">
     <span class='ocr_line' id='line_1_97' title="bbox 2122 3940 3710 4009; baseline 0.001 -12"><span class='ocrx_word' id='word_1_666' title='bbox 2122 3941 2203 3998; x_wconf 90' lang='lat' dir='ltr'>cis</span> <span class='ocrx_word' id='word_1_667' title='bbox 2227 3940 2508 3997; x_wconf 88' lang='lat' dir='ltr'>Gerardus</span> <span class='ocrx_word' id='word_1_668' title='bbox 2538 3957 2744 4009; x_wconf 89' lang='lat' dir='ltr'>comes,</span> <span class='ocrx_word' id='word_1_669' title='bbox 2776 3950 2830 3998; x_wconf 87' lang='lat' dir='ltr'>et</span> <span class='ocrx_word' id='word_1_670' title='bbox 2870 3943 3169 3998; x_wconf 87' lang='lat' dir='ltr'>Renardus</span> <span class='ocrx_word' id='word_1_671' title='bbox 3197 3958 3383 4000; x_wconf 90' lang='lat' dir='ltr'>comes</span> <span class='ocrx_word' id='word_1_672' title='bbox 3432 3942 3710 3999; x_wconf 89' lang='lat' dir='ltr'>Tullensis</span> 
     </span>
    </p>
   </div>
   <div class='ocr_carea' id='block_1_98' title="bbox 2121 4036 3711 4113">
    <p class='ocr_par' dir='ltr' id='par_1_98' title="bbox 2121 4036 3711 4113">
     <span class='ocr_line' id='line_1_98' title="bbox 2121 4036 3711 4113; baseline 0.003 -20"><span class='ocrx_word' id='word_1_673' title='bbox 2121 4045 2174 4093; x_wconf 88' lang='lat' dir='ltr'>et</span> <span class='ocrx_word' id='word_1_674' title='bbox 2202 4036 2295 4093; x_wconf 88' lang='lat' dir='ltr'>alii</span> <span class='ocrx_word' id='word_1_675' title='bbox 2326 4038 2709 4110; x_wconf 89' lang='lat' dir='ltr'>quamplurimi</span> <span class='ocrx_word' id='word_1_676' title='bbox 2740 4038 3025 4107; x_wconf 91' lang='lat' dir='ltr'>nobilium,</span> <span class='ocrx_word' id='word_1_677' title='bbox 3053 4048 3160 4095; x_wconf 90' lang='lat' dir='ltr'>tam</span> <span class='ocrx_word' id='word_1_678' title='bbox 3191 4040 3515 4099; x_wconf 88' lang='lat' dir='ltr'>clericorum</span> <span class='ocrx_word' id='word_1_679' title='bbox 3545 4057 3711 4113; x_wconf 89' lang='lat' dir='ltr'>quam</span> 
     </span>
    </p>
   </div>
   <div class='ocr_carea' id='block_1_99' title="bbox 2120 4126 3711 4199">
    <p class='ocr_par' dir='ltr' id='par_1_99' title="bbox 2120 4126 3711 4199">
     <span class='ocr_line' id='line_1_99' title="bbox 2120 4126 3711 4199; baseline 0.003 -18"><span class='ocrx_word' id='word_1_680' title='bbox 2120 4126 2407 4193; x_wconf 87' lang='lat' dir='ltr'>laicorum,</span> <span class='ocrx_word' id='word_1_681' title='bbox 2436 4127 2508 4183; x_wconf 91' lang='lat' dir='ltr'>ad</span> <span class='ocrx_word' id='word_1_682' title='bbox 2536 4128 2837 4184; x_wconf 88' lang='lat' dir='ltr'>Chantenoi</span> <span class='ocrx_word' id='word_1_683' title='bbox 2867 4128 2920 4183; x_wconf 89' lang='lat' dir='ltr'>in</span> <span class='ocrx_word' id='word_1_684' title='bbox 2949 4146 3115 4184; x_wconf 91' lang='lat' dir='ltr'>unum</span> <span class='ocrx_word' id='word_1_685' title='bbox 3148 4130 3615 4199; x_wconf 86' lang='lat' dir='ltr'>convenissemus,</span> <span class='ocrx_word' id='word_1_686' title='bbox 3655 4130 3711 4186; x_wconf 91' lang='lat' dir='ltr'>in</span> 
     </span>
    </p>
   </div>
   <div class='ocr_carea' id='block_1_100' title="bbox 2119 4216 3712 4292">
    <p class='ocr_par' dir='ltr' id='par_1_100' title="bbox 2119 4216 3712 4292">
     <span class='ocr_line' id='line_1_100' title="bbox 2119 4216 3712 4292; baseline 0.004 -21"><span class='ocrx_word' id='word_1_687' title='bbox 2119 4216 2476 4288; x_wconf 90' lang='lat' dir='ltr'>manuipsius</span> <span class='ocrx_word' id='word_1_688' title='bbox 2505 4216 2662 4274; x_wconf 90' lang='lat' dir='ltr'>ducis</span> <span class='ocrx_word' id='word_1_689' title='bbox 2692 4224 2746 4274; x_wconf 88' lang='lat' dir='ltr'>et</span> <span class='ocrx_word' id='word_1_690' title='bbox 2797 4218 3096 4275; x_wconf 86' lang='lat' dir='ltr'>custodiam</span> <span class='ocrx_word' id='word_1_691' title='bbox 3114 4220 3389 4292; x_wconf 71' lang='lat' dir='ltr'>praedictae</span> <span class='ocrx_word' id='word_1_692' title='bbox 3444 4220 3600 4287; x_wconf 70' lang='lat' dir='ltr'>villae,</span> <span class='ocrx_word' id='word_1_693' title='bbox 3658 4227 3712 4277; x_wconf 84' lang='lat' dir='ltr'>et</span> 
     </span>
    </p>
   </div>
   <div class='ocr_carea' id='block_1_101' title="bbox 2121 4306 3711 4374">
    <p class='ocr_par' dir='ltr' id='par_1_101' title="bbox 2121 4306 3711 4374">
     <span class='ocr_line' id='line_1_101' title="bbox 2121 4306 3711 4374; baseline 0.003 -13"><span class='ocrx_word' id='word_1_694' title='bbox 2121 4322 2233 4362; x_wconf 91' lang='lat' dir='ltr'>non</span> <span class='ocrx_word' id='word_1_695' title='bbox 2253 4306 2616 4374; x_wconf 82' lang='lat' dir='ltr'>advocatiam,</span> <span class='ocrx_word' id='word_1_696' title='bbox 2649 4306 2809 4362; x_wconf 89' lang='lat' dir='ltr'>nobis</span> <span class='ocrx_word' id='word_1_697' title='bbox 2823 4308 3078 4364; x_wconf 90' lang='lat' dir='ltr'>omnibus</span> <span class='ocrx_word' id='word_1_698' title='bbox 3091 4309 3405 4365; x_wconf 85' lang='lat' dir='ltr'>videntibus</span> <span class='ocrx_word' id='word_1_699' title='bbox 3434 4317 3485 4365; x_wconf 91' lang='lat' dir='ltr'>et</span> <span class='ocrx_word' id='word_1_700' title='bbox 3495 4309 3711 4365; x_wconf 84' lang='lat' dir='ltr'>audien-</span> 
     </span>
    </p>
   </div>
   <div class='ocr_carea' id='block_1_102' title="bbox 2118 4402 3709 4477">
    <p class='ocr_par' dir='ltr' id='par_1_102' title="bbox 2118 4402 3709 4477">
     <span class='ocr_line' id='line_1_102' title="bbox 2118 4402 3709 4477; baseline 0.002 -19"><span class='ocrx_word' id='word_1_701' title='bbox 2118 4403 2283 4470; x_wconf 90' lang='lat' dir='ltr'>tibus,</span> <span class='ocrx_word' id='word_1_702' title='bbox 2317 4403 2491 4459; x_wconf 90' lang='lat' dir='ltr'>abbas</span> <span class='ocrx_word' id='word_1_703' title='bbox 2519 4402 2785 4475; x_wconf 91' lang='lat' dir='ltr'>reposuit,</span> <span class='ocrx_word' id='word_1_704' title='bbox 2815 4411 2868 4461; x_wconf 91' lang='lat' dir='ltr'>et</span> <span class='ocrx_word' id='word_1_705' title='bbox 2896 4420 3001 4477; x_wconf 90' lang='lat' dir='ltr'>pro</span> <span class='ocrx_word' id='word_1_706' title='bbox 3029 4405 3275 4463; x_wconf 87' lang='lat' dir='ltr'>custodia</span> <span class='ocrx_word' id='word_1_707' title='bbox 3294 4405 3527 4477; x_wconf 83' lang='lat' dir='ltr'>singulis</span> <span class='ocrx_word' id='word_1_708' title='bbox 3552 4405 3709 4461; x_wconf 81' lang='lat' dir='ltr'>annis</span> 
     </span>
    </p>
   </div>
   <div class='ocr_carea' id='block_1_103' title="bbox 2119 4492 3711 4568">
    <p class='ocr_par' dir='ltr' id='par_1_103' title="bbox 2119 4492 3711 4568">
     <span class='ocr_line' id='line_1_103' title="bbox 2119 4492 3711 4568; baseline 0.001 -18"><span class='ocrx_word' id='word_1_709' title='bbox 2119 4496 2331 4565; x_wconf 85' lang='lat' dir='ltr'>septem</span> <span class='ocrx_word' id='word_1_710' title='bbox 2351 4492 2566 4550; x_wconf 90' lang='lat' dir='ltr'>modios</span> <span class='ocrx_word' id='word_1_711' title='bbox 2595 4493 2705 4550; x_wconf 91' lang='lat' dir='ltr'>vini</span> <span class='ocrx_word' id='word_1_712' title='bbox 2758 4502 2814 4550; x_wconf 89' lang='lat' dir='ltr'>et</span> <span class='ocrx_word' id='word_1_713' title='bbox 2841 4494 3125 4551; x_wconf 89' lang='lat' dir='ltr'>dimidium</span> <span class='ocrx_word' id='word_1_714' title='bbox 3154 4495 3210 4550; x_wconf 91' lang='lat' dir='ltr'>in</span> <span class='ocrx_word' id='word_1_715' title='bbox 3265 4496 3383 4568; x_wconf 89' lang='lat' dir='ltr'>ipsa</span> <span class='ocrx_word' id='word_1_716' title='bbox 3402 4495 3529 4552; x_wconf 90' lang='lat' dir='ltr'>villa</span> <span class='ocrx_word' id='word_1_717' title='bbox 3579 4495 3711 4552; x_wconf 88' lang='lat' dir='ltr'>duci</span> 
     </span>
    </p>
   </div>
   <div class='ocr_carea' id='block_1_104' title="bbox 2118 4582 3711 4655">
    <p class='ocr_par' dir='ltr' id='par_1_104' title="bbox 2118 4582 3711 4655">
     <span class='ocr_line' id='line_1_104' title="bbox 2118 4582 3711 4655; baseline 0.003 -18"><span class='ocrx_word' id='word_1_718' title='bbox 2118 4582 2366 4654; x_wconf 90' lang='lat' dir='ltr'>recipere</span> <span class='ocrx_word' id='word_1_719' title='bbox 2395 4582 2671 4640; x_wconf 90' lang='lat' dir='ltr'>concessit</span> <span class='ocrx_word' id='word_1_720' title='bbox 2700 4583 2886 4655; x_wconf 87' lang='lat' dir='ltr'>;quod</span> <span class='ocrx_word' id='word_1_721' title='bbox 2942 4584 2988 4641; x_wconf 89' lang='lat' dir='ltr'>si</span> <span class='ocrx_word' id='word_1_722' title='bbox 3016 4584 3128 4643; x_wconf 93' lang='lat' dir='ltr'>vini</span> <span class='ocrx_word' id='word_1_723' title='bbox 3145 4584 3325 4641; x_wconf 90' lang='lat' dir='ltr'>minus</span> <span class='ocrx_word' id='word_1_724' title='bbox 3379 4584 3557 4652; x_wconf 87' lang='lat' dir='ltr'>fuerit,</span> <span class='ocrx_word' id='word_1_725' title='bbox 3616 4593 3711 4641; x_wconf 89' lang='lat' dir='ltr'>aut</span> 
     </span>
    </p>
   </div>
   <div class='ocr_carea' id='block_1_105' title="bbox 2038 4667 3710 4746">
    <p class='ocr_par' dir='ltr' id='par_1_105' title="bbox 2038 4667 3710 4746">
     <span class='ocr_line' id='line_1_105' title="bbox 2038 4667 3710 4746; baseline 0.001 -17"><span class='ocrx_word' id='word_1_726' title='bbox 2038 4667 2092 4729; x_wconf 94' lang='lat' dir='ltr'>D</span> <span class='ocrx_word' id='word_1_727' title='bbox 2123 4671 2346 4729; x_wconf 92' lang='lat' dir='ltr'>omnino</span> <span class='ocrx_word' id='word_1_728' title='bbox 2376 4672 2630 4741; x_wconf 83' lang='lat' dir='ltr'>defuerit,</span> <span class='ocrx_word' id='word_1_729' title='bbox 2659 4688 2761 4746; x_wconf 90' lang='lat' dir='ltr'>pro</span> <span class='ocrx_word' id='word_1_730' title='bbox 2790 4672 2975 4730; x_wconf 92' lang='lat' dir='ltr'>modio</span> <span class='ocrx_word' id='word_1_731' title='bbox 3004 4673 3280 4732; x_wconf 82' lang='lat' dir='ltr'>sexdecim</span> <span class='ocrx_word' id='word_1_732' title='bbox 3306 4673 3559 4731; x_wconf 88' lang='lat' dir='ltr'>denarios</span> <span class='ocrx_word' id='word_1_733' title='bbox 3576 4674 3710 4731; x_wconf 89' lang='lat' dir='ltr'>reci-</span> 
     </span>
    </p>
   </div>
   <div class='ocr_carea' id='block_1_106' title="bbox 2119 4762 2614 4834">
    <p class='ocr_par' dir='ltr' id='par_1_106' title="bbox 2119 4762 2614 4834">
     <span class='ocr_line' id='line_1_106' title="bbox 2119 4762 2614 4834; baseline 0.004 -16"><span class='ocrx_word' id='word_1_734' title='bbox 2119 4777 2253 4834; x_wconf 90' lang='lat' dir='ltr'>pere</span> <span class='ocrx_word' id='word_1_735' title='bbox 2284 4762 2614 4820; x_wconf 87' lang='lat' dir='ltr'>terminavit.</span> 
     </span>
    </p>
   </div>
   <div class='ocr_carea' id='block_1_107' title="bbox 2191 4869 3711 4945">
    <p class='ocr_par' dir='ltr' id='par_1_107' title="bbox 2191 4869 3711 4945">
     <span class='ocr_line' id='line_1_107' title="bbox 2191 4869 3711 4945; baseline 0.002 -19"><span class='ocrx_word' id='word_1_736' title='bbox 2191 4870 2309 4926; x_wconf 83' lang='lat' dir='ltr'>Dux</span> <span class='ocrx_word' id='word_1_737' title='bbox 2338 4885 2495 4937; x_wconf 88' lang='lat' dir='ltr'>vero,</span> <span class='ocrx_word' id='word_1_738' title='bbox 2535 4869 2675 4927; x_wconf 89' lang='lat' dir='ltr'>sicut</span> <span class='ocrx_word' id='word_1_739' title='bbox 2731 4878 2848 4927; x_wconf 89' lang='lat' dir='ltr'>erat</span> <span class='ocrx_word' id='word_1_740' title='bbox 2878 4870 3000 4943; x_wconf 88' lang='lat' dir='ltr'>pius</span> <span class='ocrx_word' id='word_1_741' title='bbox 3022 4879 3076 4929; x_wconf 89' lang='lat' dir='ltr'>et</span> <span class='ocrx_word' id='word_1_742' title='bbox 3124 4870 3395 4945; x_wconf 87' lang='lat' dir='ltr'>benignus</span> <span class='ocrx_word' id='word_1_743' title='bbox 3447 4870 3502 4927; x_wconf 89' lang='lat' dir='ltr'>in</span> <span class='ocrx_word' id='word_1_744' title='bbox 3536 4869 3711 4929; x_wconf 86' lang='lat' dir='ltr'>salute</span> 
     </span>
    </p>
   </div>
   <div class='ocr_carea' id='block_1_108' title="bbox 2117 4959 3711 5032">
    <p class='ocr_par' dir='ltr' id='par_1_108' title="bbox 2117 4959 3711 5032">
     <span class='ocr_line' id='line_1_108' title="bbox 2117 4959 3711 5032; baseline 0.001 -17"><span class='ocrx_word' id='word_1_745' title='bbox 2117 4960 2319 5015; x_wconf 59' lang='lat' dir='ltr'>animle</span> <span class='ocrx_word' id='word_1_746' title='bbox 2347 4974 2479 5028; x_wconf 63' lang='lat' dir='ltr'>suae,</span> <span class='ocrx_word' id='word_1_747' title='bbox 2511 4959 2820 5016; x_wconf 89' lang='lat' dir='ltr'>custodiam</span> <span class='ocrx_word' id='word_1_748' title='bbox 2839 4960 2981 5016; x_wconf 64' lang='lat' dir='ltr'>villae</span> <span class='ocrx_word' id='word_1_749' title='bbox 3010 4961 3239 5032; x_wconf 88' lang='lat' dir='ltr'>recepit.</span> <span class='ocrx_word' id='word_1_750' title='bbox 3265 4961 3711 5018; x_wconf 84' lang='lat' dir='ltr'>Consideratione</span> 
     </span>
    </p>
   </div>
   <div class='ocr_carea' id='block_1_109' title="bbox 2115 5061 3707 5133">
    <p class='ocr_par' dir='ltr' id='par_1_109' title="bbox 2115 5061 3707 5133">
     <span class='ocr_line' id='line_1_109' title="bbox 2115 5061 3707 5133; baseline 0.001 -17"><span class='ocrx_word' id='word_1_751' title='bbox 2115 5069 2294 5117; x_wconf 89' lang='lat' dir='ltr'>autem</span> <span class='ocrx_word' id='word_1_752' title='bbox 2325 5062 2667 5133; x_wconf 88' lang='lat' dir='ltr'>paupertatis</span> <span class='ocrx_word' id='word_1_753' title='bbox 2723 5062 2888 5129; x_wconf 65' lang='lat' dir='ltr'>villa),</span> <span class='ocrx_word' id='word_1_754' title='bbox 2949 5062 3297 5119; x_wconf 89' lang='lat' dir='ltr'>constitutum</span> <span class='ocrx_word' id='word_1_755' title='bbox 3342 5062 3472 5117; x_wconf 91' lang='lat' dir='ltr'>inibi</span> <span class='ocrx_word' id='word_1_756' title='bbox 3518 5061 3707 5117; x_wconf 77' lang='lat' dir='ltr'>fuitut</span> 
     </span>
    </p>
   </div>
   <div class='ocr_carea' id='block_1_110' title="bbox 2115 5152 3709 5224">
    <p class='ocr_par' dir='ltr' id='par_1_110' title="bbox 2115 5152 3709 5224">
     <span class='ocr_line' id='line_1_110' title="bbox 2115 5152 3709 5224; baseline 0 -18"><span class='ocrx_word' id='word_1_757' title='bbox 2115 5166 2504 5224; x_wconf 83' lang='lat' dir='ltr'>quemcunque</span> <span class='ocrx_word' id='word_1_758' title='bbox 2534 5152 2642 5206; x_wconf 86' lang='lat' dir='ltr'>dux</span> <span class='ocrx_word' id='word_1_759' title='bbox 2672 5167 2774 5223; x_wconf 90' lang='lat' dir='ltr'>pro</span> <span class='ocrx_word' id='word_1_760' title='bbox 2804 5152 2924 5222; x_wconf 85' lang='lat' dir='ltr'>ipso</span> <span class='ocrx_word' id='word_1_761' title='bbox 2952 5152 3190 5224; x_wconf 88' lang='lat' dir='ltr'>dirigere</span> <span class='ocrx_word' id='word_1_762' title='bbox 3219 5152 3399 5220; x_wconf 90' lang='lat' dir='ltr'>vellet,</span> <span class='ocrx_word' id='word_1_763' title='bbox 3420 5152 3547 5219; x_wconf 78' lang='lat' dir='ltr'>illic,</span> <span class='ocrx_word' id='word_1_764' title='bbox 3579 5166 3709 5208; x_wconf 88' lang='lat' dir='ltr'>cum</span> 
     </span>
    </p>
   </div>
   <div class='ocr_carea' id='block_1_111' title="bbox 2116 5240 3710 5312">
    <p class='ocr_par' dir='ltr' id='par_1_111' title="bbox 2116 5240 3710 5312">
     <span class='ocr_line' id='line_1_111' title="bbox 2116 5240 3710 5312; baseline 0.001 -17"><span class='ocrx_word' id='word_1_765' title='bbox 2116 5240 2292 5295; x_wconf 88' lang='lat' dir='ltr'>tribus</span> <span class='ocrx_word' id='word_1_766' title='bbox 2321 5248 2415 5296; x_wconf 87' lang='lat' dir='ltr'>aut</span> <span class='ocrx_word' id='word_1_767' title='bbox 2438 5244 2678 5312; x_wconf 88' lang='lat' dir='ltr'>quatuor</span> <span class='ocrx_word' id='word_1_768' title='bbox 2715 5241 2900 5309; x_wconf 89' lang='lat' dir='ltr'>sociis,</span> <span class='ocrx_word' id='word_1_769' title='bbox 2948 5240 3004 5297; x_wconf 91' lang='lat' dir='ltr'>in</span> <span class='ocrx_word' id='word_1_770' title='bbox 3034 5241 3228 5297; x_wconf 88' lang='lat' dir='ltr'>eadem</span> <span class='ocrx_word' id='word_1_771' title='bbox 3278 5240 3409 5297; x_wconf 81' lang='lat' dir='ltr'>villa</span> <span class='ocrx_word' id='word_1_772' title='bbox 3435 5241 3547 5297; x_wconf 91' lang='lat' dir='ltr'>duo</span> <span class='ocrx_word' id='word_1_773' title='bbox 3600 5257 3710 5296; x_wconf 85' lang='lat' dir='ltr'>ser-</span> 
     </span>
    </p>
   </div>
   <div class='ocr_carea' id='block_1_112' title="bbox 2098 5337 3708 5411">
    <p class='ocr_par' dir='ltr' id='par_1_112' title="bbox 2098 5337 3708 5411">
     <span class='ocr_line' id='line_1_112' title="bbox 2098 5337 3708 5411; baseline 0 -18"><span class='ocrx_word' id='word_1_774' title='bbox 2098 5338 2247 5394; x_wconf 81' lang='lat' dir='ltr'>.vitia</span> <span class='ocrx_word' id='word_1_775' title='bbox 2275 5355 2372 5411; x_wconf 88' lang='lat' dir='ltr'>per</span> <span class='ocrx_word' id='word_1_776' title='bbox 2391 5354 2596 5394; x_wconf 89' lang='lat' dir='ltr'>annum</span> <span class='ocrx_word' id='word_1_777' title='bbox 2638 5339 2888 5406; x_wconf 87' lang='lat' dir='ltr'>haberet,</span> <span class='ocrx_word' id='word_1_778' title='bbox 2922 5355 3028 5395; x_wconf 90' lang='lat' dir='ltr'>nec</span> <span class='ocrx_word' id='word_1_779' title='bbox 3082 5338 3316 5411; x_wconf 87' lang='lat' dir='ltr'>amplius</span> <span class='ocrx_word' id='word_1_780' title='bbox 3354 5338 3552 5411; x_wconf 87' lang='lat' dir='ltr'>aliquid</span> <span class='ocrx_word' id='word_1_781' title='bbox 3584 5337 3708 5394; x_wconf 81' lang='lat' dir='ltr'>exi-</span> 
     </span>
    </p>
   </div>
   <div class='ocr_carea' id='block_1_113' title="bbox 2111 5420 3708 5500">
    <p class='ocr_par' dir='ltr' id='par_1_113' title="bbox 2111 5420 3708 5500">
     <span class='ocr_line' id='line_1_113' title="bbox 2111 5420 3708 5500; baseline -0.001 -16"><span class='ocrx_word' id='word_1_782' title='bbox 2111 5433 2289 5498; x_wconf 72' lang='lat' dir='ltr'>geret,</span> <span class='ocrx_word' id='word_1_783' title='bbox 2322 5427 2379 5483; x_wconf 91' lang='lat' dir='ltr'>in</span> <span class='ocrx_word' id='word_1_784' title='bbox 2420 5420 2623 5499; x_wconf 86' lang='lat' dir='ltr'>placito</span> <span class='ocrx_word' id='word_1_785' title='bbox 2680 5445 2790 5484; x_wconf 91' lang='lat' dir='ltr'>non</span> <span class='ocrx_word' id='word_1_786' title='bbox 2838 5428 3123 5495; x_wconf 89' lang='lat' dir='ltr'>resideret,</span> <span class='ocrx_word' id='word_1_787' title='bbox 3180 5443 3284 5486; x_wconf 85' lang='lat' dir='ltr'>nec</span> <span class='ocrx_word' id='word_1_788' title='bbox 3331 5428 3398 5483; x_wconf 89' lang='lat' dir='ltr'>ad</span> <span class='ocrx_word' id='word_1_789' title='bbox 3450 5427 3708 5500; x_wconf 86' lang='lat' dir='ltr'>placitum</span> 
     </span>
    </p>
   </div>
   <div class='ocr_carea' id='block_1_114' title="bbox 2112 5516 3708 5591">
    <p class='ocr_par' dir='ltr' id='par_1_114' title="bbox 2112 5516 3708 5591">
     <span class='ocr_line' id='line_1_114' title="bbox 2112 5516 3708 5591; baseline 0 -19"><span class='ocrx_word' id='word_1_790' title='bbox 2112 5517 2353 5590; x_wconf 90' lang='lat' dir='ltr'>aliquem</span> <span class='ocrx_word' id='word_1_791' title='bbox 2382 5524 2623 5591; x_wconf 86' lang='lat' dir='ltr'>cogeret,</span> <span class='ocrx_word' id='word_1_792' title='bbox 2675 5516 2782 5572; x_wconf 91' lang='lat' dir='ltr'>nisi</span> <span class='ocrx_word' id='word_1_793' title='bbox 2836 5516 2980 5574; x_wconf 88' lang='lat' dir='ltr'>forte</span> <span class='ocrx_word' id='word_1_794' title='bbox 3016 5517 3190 5573; x_wconf 93' lang='lat' dir='ltr'>abbas</span> <span class='ocrx_word' id='word_1_795' title='bbox 3243 5516 3331 5574; x_wconf 91' lang='lat' dir='ltr'>vel</span> <span class='ocrx_word' id='word_1_796' title='bbox 3384 5516 3708 5589; x_wconf 71' lang='lat' dir='ltr'>praepositus</span> 
     </span>
    </p>
   </div>
   <div class='ocr_carea' id='block_1_115' title="bbox 2111 5614 3710 5688">
    <p class='ocr_par' dir='ltr' id='par_1_115' title="bbox 2111 5614 3710 5688">
     <span class='ocr_line' id='line_1_115' title="bbox 2111 5614 3710 5688; baseline -0.001 -16"><span class='ocrx_word' id='word_1_797' title='bbox 2111 5615 2253 5685; x_wconf 85' lang='lat' dir='ltr'>ejus,</span> <span class='ocrx_word' id='word_1_798' title='bbox 2284 5615 2354 5672; x_wconf 88' lang='lat' dir='ltr'>ad</span> <span class='ocrx_word' id='word_1_799' title='bbox 2383 5614 2795 5686; x_wconf 86' lang='lat' dir='ltr'>reprimendum</span> <span class='ocrx_word' id='word_1_800' title='bbox 2825 5614 3064 5688; x_wconf 90' lang='lat' dir='ltr'>aliquem</span> <span class='ocrx_word' id='word_1_801' title='bbox 3107 5615 3212 5671; x_wconf 89' lang='lat' dir='ltr'>sibi</span> <span class='ocrx_word' id='word_1_802' title='bbox 3240 5614 3518 5684; x_wconf 89' lang='lat' dir='ltr'>rebellem,</span> <span class='ocrx_word' id='word_1_803' title='bbox 3550 5614 3609 5670; x_wconf 92' lang='lat' dir='ltr'>id</span> <span class='ocrx_word' id='word_1_804' title='bbox 3637 5615 3710 5670; x_wconf 86' lang='lat' dir='ltr'>ab</span> 
     </span>
    </p>
   </div>
   <div class='ocr_carea' id='block_1_116' title="bbox 2110 5701 3708 5776">
    <p class='ocr_par' dir='ltr' id='par_1_116' title="bbox 2110 5701 3708 5776">
     <span class='ocr_line' id='line_1_116' title="bbox 2110 5701 3708 5776; baseline -0.001 -15"><span class='ocrx_word' id='word_1_805' title='bbox 2110 5720 2176 5761; x_wconf 93' lang='lat' dir='ltr'>eo</span> <span class='ocrx_word' id='word_1_806' title='bbox 2214 5702 2335 5760; x_wconf 87' lang='lat' dir='ltr'>ﬁeri</span> <span class='ocrx_word' id='word_1_807' title='bbox 2389 5701 2743 5776; x_wconf 88' lang='lat' dir='ltr'>postulasset.</span> <span class='ocrx_word' id='word_1_808' title='bbox 2802 5702 2981 5774; x_wconf 88' lang='lat' dir='ltr'>Quam</span> <span class='ocrx_word' id='word_1_809' title='bbox 3020 5704 3207 5776; x_wconf 90' lang='lat' dir='ltr'>utique</span> <span class='ocrx_word' id='word_1_810' title='bbox 3266 5703 3708 5761; x_wconf 89' lang='lat' dir='ltr'>constitutionem</span> 
     </span>
    </p>
   </div>
   <div class='ocr_carea' id='block_1_117' title="bbox 2109 5790 3708 5861">
    <p class='ocr_par' dir='ltr' id='par_1_117' title="bbox 2109 5790 3708 5861">
     <span class='ocr_line' id='line_1_117' title="bbox 2109 5790 3708 5861; baseline 0 -12"><span class='ocrx_word' id='word_1_811' title='bbox 2109 5793 2223 5849; x_wconf 82' lang='lat' dir='ltr'>dux</span> <span class='ocrx_word' id='word_1_812' title='bbox 2252 5791 2553 5851; x_wconf 88' lang='lat' dir='ltr'>clementer</span> <span class='ocrx_word' id='word_1_813' title='bbox 2580 5809 2850 5861; x_wconf 88' lang='lat' dir='ltr'>annuens,</span> <span class='ocrx_word' id='word_1_814' title='bbox 2884 5794 2940 5848; x_wconf 92' lang='lat' dir='ltr'>in</span> <span class='ocrx_word' id='word_1_815' title='bbox 2971 5790 3228 5849; x_wconf 85' lang='lat' dir='ltr'>ﬁdelitate</span> <span class='ocrx_word' id='word_1_816' title='bbox 3259 5810 3353 5849; x_wconf 88' lang='lat' dir='ltr'>sua</span> <span class='ocrx_word' id='word_1_817' title='bbox 3405 5791 3708 5849; x_wconf 87' lang='lat' dir='ltr'>obtestatus</span> 
     </span>
    </p>
   </div>
   <div class='ocr_carea' id='block_1_118' title="bbox 2108 5879 3703 5956">
    <p class='ocr_par' dir='ltr' id='par_1_118' title="bbox 2108 5879 3703 5956">
     <span class='ocr_line' id='line_1_118' title="bbox 2108 5879 3703 5956; baseline -0.002 -16"><span class='ocrx_word' id='word_1_818' title='bbox 2108 5890 2211 5954; x_wconf 89' lang='lat' dir='ltr'>est,</span> <span class='ocrx_word' id='word_1_819' title='bbox 2234 5889 2287 5938; x_wconf 91' lang='lat' dir='ltr'>et</span> <span class='ocrx_word' id='word_1_820' title='bbox 2310 5882 2613 5939; x_wconf 87' lang='lat' dir='ltr'>custodiam</span> <span class='ocrx_word' id='word_1_821' title='bbox 2645 5879 2786 5939; x_wconf 67' lang='lat' dir='ltr'>villae</span> <span class='ocrx_word' id='word_1_822' title='bbox 2816 5900 2873 5939; x_wconf 92' lang='lat' dir='ltr'>se</span> <span class='ocrx_word' id='word_1_823' title='bbox 2906 5880 3204 5956; x_wconf 80' lang='lat' dir='ltr'>diligenter</span> <span class='ocrx_word' id='word_1_824' title='bbox 3257 5888 3703 5956; x_wconf 83' lang='lat' dir='ltr'>procuraturum,</span> 
     </span>
    </p>
   </div>
   <div class='ocr_carea' id='block_1_119' title="bbox 2108 5970 3704 6046">
    <p class='ocr_par' dir='ltr' id='par_1_119' title="bbox 2108 5970 3704 6046">
     <span class='ocr_line' id='line_1_119' title="bbox 2108 5970 3704 6046; baseline -0.001 -17"><span class='ocrx_word' id='word_1_825' title='bbox 2108 5979 2161 6029; x_wconf 90' lang='lat' dir='ltr'>et</span> <span class='ocrx_word' id='word_1_826' title='bbox 2183 5971 2623 6031; x_wconf 87' lang='lat' dir='ltr'>constitutionem</span> <span class='ocrx_word' id='word_1_827' title='bbox 2650 5971 3020 6046; x_wconf 81' lang='lat' dir='ltr'>praescriptam</span> <span class='ocrx_word' id='word_1_828' title='bbox 3051 5970 3282 6031; x_wconf 84' lang='lat' dir='ltr'>ﬁdeliter</span> <span class='ocrx_word' id='word_1_829' title='bbox 3328 5980 3704 6033; x_wconf 85' lang='lat' dir='ltr'>servaturum.</span> 
     </span>
    </p>
   </div>
  </div>
