3882 6472
257 403 366 460 433

1718 401 2120 458 DIPLOMATA

3457 396 3562 456 ιιι

255 524 419 595 Quod
450 525 498 581 si
527 523 673 581 forte
711 540 776 580 ex
839 524 1030 581 eadem
1087 526 1216 583 villa
1267 526 1464 600 aliquis
1523 525 1707 596 inopia
1762 525 1850 580 vel
1881 527 1938 589 Α
1966 526 2234 596 rellivilla,
2269 525 2560 598 quamdam
2589 531 2804 597 partem
2835 523 3005 582 certis
3061 523 3314 582 confiniis
3362 541 3393 579 a
3446 531 3560 581 toto

254 616 445 688 aliqua
474 614 799 671 necessitate
830 617 1142 683 recesserit,
1175 625 1227 672 et
1257 618 1326 671 ad
1359 616 1523 671 aliam
1556 615 1852 682 transierit,

255 720 583 776 quocunque
611 703 868 771 declinet,
902 704 1101 771 nullus,
1126 705 1230 760 nisi
1261 706 1454 773 abbas,
1486 704 1538 758 in
1564 720 1629 760 eo
1651 704 1855 776 aliquid

253 793 448 848 habet.

328 893 410 946 Ne
442 903 579 948 vero
609 905 776 960 super
807 890 890 944 his
920 891 1174 946 omnibus
1197 891 1250 946 in
1281 899 1555 962 posterum
1578 891 1645 944 ab
1672 890 1854 962 aliquo

254 980 509 1036 ecclesiae
532 979 676 1034 Beati
707 979 908 1033 Leonis
939 980 1178 1052 aliquam
1210 981 1522 1036 molestiam
1570 979 1851 1044 sustineat,

259 1068 347 1124 vel
377 1067 559 1138 aliqua
609 1069 978 1122 controversia
1027 1078 1292 1140 emergat,
1349 1068 1606 1139 praesenti
1650 1068 1855 1138 scripto

257 1157 343 1210 his
373 1155 624 1211 omnibus
656 1155 1021 1210 testimonium
1063 1157 1434 1227 perhibemus,
1481 1157 1625 1228 quod
1673 1156 1854 1224 sigillo

257 1251 494 1306 nominis
551 1252 724 1306 nostri
783 1251 987 1322 signari
1045 1251 1336 1316 voluimus,
1416 1260 1468 1305 et
1535 1251 1854 1306 auctoritate

255 1339 553 1411 pontificali
583 1339 1049 1395 confirmavimus.
1083 1339 1238 1408 Quod
1271 1340 1318 1393 si
1352 1339 1551 1410 aliquis
1598 1339 1854 1409 superbia

257 1429 346 1483 vel
377 1429 631 1500 cupidate
683 1429 894 1495 ductus,
960 1429 1042 1482 his
1098 1428 1403 1484 contrarius
1453 1429 1739 1494 exstiterit,
1803 1435 1856 1482 et

261 1517 498 1588 amplius
529 1533 693 1588 quam
723 1518 868 1588 quod
899 1517 1253 1572 constitutum
1305 1524 1389 1571 est
1449 1517 1670 1588 exigere
1721 1531 1856 1587 pren-

257 1607 578 1676 sumpserit,
617 1622 740 1660 eum
768 1605 1296 1660 excommunicatum
1329 1605 1514 1659 divina
1538 1605 1854 1660 auctoritate

258 1702 314 1748 et
357 1702 542 1749 nostra
579 1710 702 1748 esse
760 1710 1072 1760 censemus,
1131 1702 1184 1748 et
1230 1694 1584 1748 anathematis
1641 1692 1856 1748 vinculo

264 1791 608 1859 subjicimus.
648 1791 929 1847 Subscribi
974 1792 1137 1845 etiam
1194 1791 1461 1846 voluimus
1501 1791 1554 1844 in
1606 1790 1855 1845 testimo-

1964 633 2193 688 corpore
2225 616 2572 686 disjunctam,
2607 616 2764 670 beato
2799 617 3078 670 Mansuete
3109 623 3161 669 et
3191 614 3452 669 fratribus
3503 615 3560 668 in

1964 713 2206 779 ejusdem
2238 710 2490 766 ccenobio
2518 710 2982 766 commorantibus
3011 709 3376 765 communiter
3433 712 3556 762 tra-

1963 800 2245 855 diderunt.
2282 801 2423 854 Nam
2451 798 2713 870 quidquid
2743 807 2830 853 est
2888 798 3030 853 inter
3087 799 3228 852 viam
3283 804 3559 853 mercato—

1963 899 2118 961 riam,
2151 905 2204 952 et
2251 898 2386 952 viam
2443 907 2699 961 veterem,
2747 913 2869 968 qua:
2913 903 2996 951 est
3039 897 3283 965 desuper
3335 894 3555 961 vallem,

1963 1003 2134 1058 usque
2162 987 2228 1040 ad
2263 986 2436 1056 ripam
2468 986 2725 1051 fluminis,
2763 993 2814 1039 et
2847 1001 3019 1056 usque
3055 983 3126 1038 ad
3165 983 3436 1054 sylvulam
3489 981 3558 1038 de

1966 1075 2296 1140 Flaviniaco,
2330 1091 2518 1130 eorum
2567 1074 2803 1138 devotio,
2851 1073 3160 1127 heredibus
3209 1071 3322 1126 suis
3369 1087 3562 1126 assen-

1963 1164 2240 1229 tientibus,
2276 1164 2536 1234 prtrdicto
2566 1163 2818 1218 cwnobio
2849 1161 3098 1218 contulit.
3138 1163 3205 1215 Et
3249 1169 3306 1214 ut
3350 1159 3554 1214 ibidem

1964 1254 2102 1310 cella
2156 1259 2470 1308 constructa
2525 1251 2778 1307 monachi
2833 1258 3228 1314 statuerentur,
3304 1249 3396 1321 qui
3454 1263 3557 1318 pro

1965 1359 2155 1399 eorum
2198 1351 2250 1396 et
2307 1342 2642 1412 reliquorum
2697 1340 3013 1396 excessibus
3070 1339 3304 1394 Domino
3353 1337 3558 1409 jugiter

1965 1438 2352 1508 supplicarent,
2386 1438 2454 1492 ab
2484 1437 2679 1492 abbate
2709 1437 2801 1508 qui
2832 1444 2959 1492 tunc
2991 1445 3123 1504 erat,
3157 1434 3419 1491 obtinuit.

2037 1546 2114 1598 Ad
2173 1561 2405 1614 quorum
2459 1552 2706 1613 sumptus
2763 1544 3102 1598 necessarios
3151 1543 3337 1610 junior
3391 1541 3560 1596 frater

1967 1635 2173 1705 llaymo
2203 1634 2356 1704 gravi
2385 1634 2645 1702 languore
2674 1632 2971 1700 decubans,
2999 1631 3262 1702 quidquid
3293 1631 3345 1683 in
3367 1630 3558 1685 eadem

1966 1721 2377 1776 Amerelli-villa
2406 1720 2662 1785 habebat,
2697 1728 2748 1775 et
2793 1721 2935 1791 apud
2982 1719 3352 1784 Asmancium,
3406 1723 3459 1773 et
3501 1718 3558 1772 in

1969 1812 2092 1866 villa
2125 1829 2245 1882 qua:
2275 1811 2473 1865 dicitur
2503 1811 2731 1880 Saphez,
2766 1819 2816 1865 et
2859 1810 3096 1864 alodium
3144 1811 3214 1864 de
3256 1808 3557 1864 Sendruvi-

260 1880 412 1934 "ium
444 1881 655 1946 horum:
689 1880 914 1934 “omina
946 1881 1185 1936 Virorum
1215 1880 1608 1950 legili'I-Omms
1643 1879 1733 1950 (ἶυί
1771 1879 1853 1934 his
1880 1885 1931 1943 Β
1961 1900 2061 1966 ler,
2096 1879 2219 1956 cum
2251 1899 2528 1955 conductu
2558 1879 2806 1954 ecclesiae
2837 1898 2890 1952 in
2923 1898 3228 1968 mancipiis,
3280 1897 3338 1951 in
3387 1897 3553 1952 cultis

257 1967 644 2022 interfuerunt.

331 2056 559 2130 Signum
595 2057 812 2111 Pibonis
841 2057 1108 2128 episcopi.

331 2152 484 2224 Sign.
518 2153 836 2208 Theoderici
868 2154 1044 2208 ducis.

328 2241 481 2311 Sign.
518 2241 750 2295 Gerardi
785 2242 1018 2295 comitis.

330 2330 486 2402 Sign.
520 2330 775 2385 Reinardi
805 2330 1017 2385 comitis
1046 2329 1342 2386 Tullensis.

329 2427 488 2500 Sign.
522 2429 768 2498 Hugouis
792 2428 1116 2499 primicerii.

331 2516 490 2588 Sign.
525 2509 759 2571 Luctulﬁ
786 2517 980 2572 decani
995 2559 1007 2571 .

330 2604 485 2676 Sign.
520 2605 738 2676 Riquini
767 2605 1160 2661 archidiaconi.

333 2701 488 2772 Sign.
522 2702 788 2758 Widerici
821 2703 1007 2758 militis
1038 2704 1104 2758 de
1127 2711 1306 2759 castro
1339 2703 1405 2758 de
1435 2703 1681 2760 Noviler.

331 2790 483 2861 Sign.
517 2790 776 2845 Karlonis
807 2792 874 2846 de
907 2792 1264 2848 Fonteniaco.

330 2880 484 2951 Sign.
516 2881 749 2935 Hodivat
778 2880 961 2936 militis
991 2881 1254 2952 Deprées,
1288 2890 1339 2937 et
1383 2881 1616 2936 aliorum
1675 2881 1848 2953 pluri-

258 2987 468 3027 morum
482 3013 495 3026 .

329 3071 485 3124 Anno
515 3069 581 3123 ab
613 3071 989 3127 Incarnatione
1021 3073 1235 3128 Domini
1275 3073 1563 3128 millesimo
1601 3089 1848 3145 nonage-

255 3157 394 3213 simo
423 3159 622 3229 primo,
654 3159 946 3216 indictione
979 3177 1073 3229 xv,
1106 3178 1160 3216 vt
1207 3163 1336 3218 Idus
1385 3162 1664 3228 Octobris,
1712 3179 1848 3218 cun-

1965 2007 2014 2052 et
2045 1998 2098 2052 in
2131 1997 2370 2054 inculttis
2404 1997 2714 2067 supradicto
2745 1996 3046 2052 confessori
3078 1995 3370 2061 concessit,
3403 2003 3456 2051 et
3502 1995 3558 2048 in

1963 2088 2157 2142 eodem
2187 2086 2435 2141 CU‘llOblO
2467 2086 2715 2153 abjurato
2774 2085 2973 2140 saeculo
3024 2085 3275 2139 monachi
3316 2085 3558 2139 habitum

1964 2177 2222 2246 suscepit.
2260 2175 2613 2230 l’ostmodum
2641 2191 2768 2229 vero
2792 2173 2959 2228 frater
2989 2174 3176 2229 senior
3218 2175 3377 2246 Ilugo
3423 2191 3550 2244 par-

1963 2273 2069 2319 tem
2102 2281 2256 2319 suam
2290 2264 2342 2318 in
2374 2263 2644 2334 przedictis
2672 2263 2816 2318 villis
2845 2263 3066 2318 omnino
3096 2263 3254 2317 sicuti
3297 2263 3556 2332 posside-

1963 2355 2074 2422 bat,
2097 2354 2275 2408 eidem
2297 2353 2506 2408 cellulae
2526 2351 2676 2406 dedit
2702 2370 2716 2418 ;
2741 2368 2954 2406 necnon
2977 2351 3204 2406 consilio
3222 2360 3273 2407 et
3297 2351 3554 2406 instinctu

1962 2460 2075 2497 suae
2103 2442 2311 2508 uxoris,
2345 2441 2452 2495 alia
2482 2441 2733 2512 quaedam
2762 2441 2968 2494 addidit
2992 2439 3046 2494 in
3079 2441 3272 2495 eadem
3291 2439 3557 2495 Amerclli

1963 2531 2114 2598 villa,
2145 2531 2284 2585 duos
2314 2530 2642 2601 quartarios,
2687 2537 2740 2584 et
2784 2536 3084 2594 manentes,
3133 2536 3184 2584 et
3214 2545 3408 2584 uxores
3455 2545 3554 2583 eo-

1962 2647 2101 2696 rum,
2136 2638 2188 2684 et
2219 2629 2382 2693 filios,
2415 2644 2539 2684 cum
2568 2628 2792 2684 dimidio
2815 2629 2978 2683 banni
3003 2629 3165 2693 villae,
3203 2636 3254 2683 et
3287 2629 3552 2696 districto,

1961 2727 2014 2775 et
2035 2735 2156 2774 cum
2179 2717 2324 2773 omni
2351 2717 2566 2772 debito.
2603 2719 2793 2772 Totam
2823 2726 3021 2772 terram
3051 2717 3118 2772 de
3149 2717 3324 2771 Mizon
3352 2717 3556 2773 cultam

1961 2816 2010 2862 et
2041 2806 2319 2872 incultam,
2344 2813 2397 2860 et
2427 2806 2479 2859 in
2528 2821 2672 2877 aqua
2716 2807 3043 2876 piscatorem
3095 2823 3288 2872 unum,
3336 2807 3555 2862 redeci-

1963 2905 2254 2960 mationem
2286 2912 2456 2974 porta:
2487 2912 2539 2958 et
2583 2903 2840 2974 piscium.
2907 2904 3061 2974 Apud
3107 2903 3556 2959 monasteriolum

1961 2995 2098 3049 duos
2129 2993 2454 3065 quartarios,
2486 3009 2609 3048 cum
2639 2993 3012 3057 manentibus,
3047 3001 3097 3046 et
3120 3009 3308 3048 eorum
3359 2993 3556 3048 uxori-

1962 3093 2082 3158 bus,
2119 3099 2172 3146 et
2202 3090 2346 3154 filiis,
2376 3091 2429 3144 in
2459 3091 2606 3146 omni
2639 3107 2739 3144 usu
2759 3090 2828 3144 de
2853 3090 3129 3145 dominico
3150 3090 3339 3145 labore
3385 3095 3555 3146 totam

1963 3180 2420 3244 decimationem;
2453 3179 2612 3249 panis
2641 3186 2694 3233 et
2723 3179 2832 3233 vini
2872 3179 3292 3235 decimationem
3327 3198 3340 3244 ;
3387 3179 3553 3234 dimi-

255 3245 467 3302 ﬁrmata
496 3255 578 3302 est
609 3255 661 3302 et
691 3248 903 3320 signata
935 3251 1090 3319 hujus
1101 3250 1373 3324 privilegii
1395 3253 1627 3306 chartae
1649 3255 1839 3307 domnc

1963 3270 2109 3324 dium
2140 3269 2209 3324 de
2241 3242 2504 3324 Crusillis.
2557 3267 2818 3322 Similiter
2873 3267 3015 3338 apud
3072 3242 3353 3338 Helegiam
3413 3268 3553 3324 duos

255 3342 460 3400 Pibone
489 3344 788 3400 venerabili
808 3345 1093 3417 episcopo.

1000 3547 1102 3602 1X.

519 3699 803 3755 Fundatio
833 3699 1121 3770 priorum:
1152 3701 1217 3758 S.
1261 3703 1575 3760 Thcobaldi.

846 3841 1027 3911 (Anno
1060 3844 1254 3911 lost.)

319 3972 478 4045 [Dom
507 3973 750 4040 CALua'r,
775 3975 914 4030 Hist.
951 3975 1018 4031 de
1047 3977 1314 4033 Lorra-inc
1346 3977 1434 4044 IV,
1471 3979 1590 4046 Pr.,
1625 3977 1774 4049 498.]

321 4099 455 4154 P130
503 4099 601 4154 Dei
667 4099 844 4172 gratia
915 4100 1180 4156 Ecclesia:
1245 4101 1520 4156 Tullensis
1589 4102 1846 4172 indignus

242 4187 556 4258 episcopus,
593 4189 860 4243 universis
892 4197 1000 4243 tam
1041 4189 1236 4244 futuris
1279 4206 1442 4262 quam
1489 4191 1843 4259 praisentibus

239 4284 596 4356 temporalem
656 4284 887 4340 salutem
945 4291 998 4341 et
1064 4286 1278 4342 zeternis
1365 4288 1526 4343 ditari
1586 4289 1842 4343 muneri-

239 4382 347 4436 bus
363 4423 375 4436 .

312 4469 453 4538 Quia
485 4488 591 4526 non
624 4472 865 4527 omnium
897 4473 1176 4527 hominum
1209 4473 1273 4527 ad
1309 4475 1538 4545 patriam
1573 4475 1836 4530 redeundi

238 4560 433 4615 eadem
465 4569 545 4615 est
577 4561 913 4631 possibilitas
942 4562 1027 4616 vel
1059 4562 1332 4630 voluntas,
1368 4564 1464 4618 sed
1514 4565 1656 4618 sicut
1703 4565 1832 4619 dicit

239 4649 568 4718 Apostolus,
603 4650 977 4720 unusquisque
1006 4651 1281 4720 proprium
1326 4653 1527 4706 donum
1582 4653 1749 4707 habet
1799 4670 1831 4708 a

236 4737 375 4805 Deo,
398 4737 535 4791 alius
565 4738 662 4802 sic,
688 4738 826 4792 alius
855 4747 1033 4793 autem
1065 4739 1142 4793 sic
1171 4759 1183 4804 ;
1217 4740 1324 4806 alii,
1361 4741 1457 4794 Dei
1514 4742 1831 4796 misericor-

237 4826 325 4880 dia
384 4835 664 4895 Operante,
726 4836 1070 4882 terrenorum
1127 4830 1477 4898 possessione
1531 4831 1616 4885 vel
1669 4832 1830 4886 etiam

237 4921 482 4991 appetitu
541 4921 748 4990 nudati,
810 4938 930 4977 cum
991 4923 1307 4978 adversario
1380 4925 1496 4979 vias
1554 4927 1828 4981 hominum

240 5009 798 5075 obsidente,audaces
829 5009 1096 5066 luctamen
1124 5011 1328 5066 ineunt.
1349 5013 1608 5067 Nonnulli
1638 5031 1826 5070 eorum

235 5114 355 5170 qua:
382 5099 614 5169 perdere
661 5099 850 5152 timent
900 5101 1110 5154 sarcina
1168 5103 1518 5171 praegravati,
1579 5104 1827 5174 quamvis

234 5187 426 5254 timidi,
460 5188 529 5241 ad
559 5196 836 5243 certamen
869 5188 1109 5255 veniunt,
1159 5198 1212 5244 et
1269 5191 1413 5260 quod
1473 5208 1537 5245 ex
1594 5193 1826 5262 propria:

230 5276 624 5331 imbecillitatis
661 5277 991 5332 conscientia
1019 5278 1332 5348 desperant,
1361 5295 1547 5332 eorum
1579 5281 1668 5351 qui
1710 5281 1823 5349 jam

227 5381 354 5421 cum
385 5365 499 5419 Deo
530 5373 784 5436 regnant,
821 5366 1180 5430 orationibus,
1243 5377 1294 5422 et
1342 5383 1529 5422 eorum
1589 5369 1680 5439 qui
1739 5371 1824 5424 hic

229 5453 584 5525 spiritualiter
611 5454 796 5509 vivunt
827 5453 1164 5522 fulcimento,
1199 5472 1266 5510 ne
1321 5458 1696 5525 succumbant,
1732 5458 1818 5512 vel

225 5552 273 5606 si
305 5549 602 5606 ceciderint
646 5566 714 5604 ne
770 5550 1113 5618 collidantur,
1173 5559 1452 5622 expetunt.
1517 5554 1822 5609 Justissima

226 5638 740 5710 recompensatione
772 5655 836 5693 ex
865 5639 948 5693 his
981 5657 1101 5712 qua}
1131 5641 1217 5696 vel
1249 5643 1466 5696 tandem
1513 5643 1822 5713 relinquere

226 5729 431 5784 habent
460 5727 856 5792 necessarium,
890 5743 1079 5782 eorum
1112 5729 1301 5785 usibus
1331 5731 1650 5802 largientes,
1677 5731 1820 5786 felici

227 5816 559 5876 commercio
589 5831 685 5885 pro
717 5815 973 5884 perituris
1013 5827 1218 5872 {Pict‘na
1249 5830 1582 5876 commutant
1617 5839 1629 5875 :
1686 5820 1823 5876 inter

229 5917 370 5977 quos
400 5901 562 5972 Hugo
591 5906 644 5955 et
675 5898 850 5954 frater
877 5899 994 5967 ejus
1025 5902 1240 5971 Haymo
1268 5904 1322 5958 in
1352 5904 1508 5976 sylva
1537 5906 1605 5960 de
1650 5908 1820 5961 Ame-

1961 3369 2292 3439 quartarios,
2317 3377 2366 3423 et
2400 3368 2726 3423 habitatores
2783 3383 2906 3423 cum
2959 3366 3105 3421 omni
3155 3367 3278 3436 jure
3333 3367 3542 3422 debito.

1959 3461 2148 3513 Totum
2204 3457 2447 3512 alodium
2477 3457 2544 3511 de
2575 3455 2866 3528 Senungis,
2901 3456 2955 3510 in
2985 3455 3172 3527 sylvis,
3204 3454 3258 3508 in
3287 3455 3454 3526 agris,
3499 3455 3554 3510 in

1957 3548 2146 3618 pratis,
2182 3547 2235 3602 in
2263 3546 2468 3602 cunctis
2499 3544 2764 3600 usuariis.

2033 3661 2168 3717 Huic
2200 3662 2346 3716 dono
2380 3659 2744 3715 interfuerunt
2773 3658 2928 3714 liberi
2958 3659 3230 3725 homines,
3255 3672 3307 3714 et
3351 3658 3420 3713 ad
3465 3665 3550 3713 te-

1959 3751 2304 3805 stificandum
2336 3749 2538 3816 idonei,
2592 3750 2780 3821 Drogo
2830 3748 3018 3819 junior
3074 3749 3142 3802 de
3201 3747 3548 3802 Bosanivilla.

1959 3839 2242 3894 Widricus
2271 3839 2339 3893 de
2371 3839 2601 3893 Straena.
2637 3837 2927 3891 Paulimus.
2961 3837 3249 3892 Odelricus
3267 3837 3334 3891 de
3358 3837 3549 3890 Ferre-

1959 3929 2060 3983 ris.
2103 3929 2258 4000 Hugo
2287 3927 2356 3982 de
2388 3927 2638 3981 Buxeris.
2675 3929 2830 3999 Hugo
2861 3926 2931 3980 de
2962 3926 3330 3982 Claromonte.

2027 4037 2094 4089 Et
2124 4052 2190 4088 ne
2215 4034 2599 4104 temporalium
2626 4033 3016 4102 stipendiorum
3044 4031 3219 4102 inopia
3249 4031 3443 4086 fratres
3490 4030 3546 4085 in

1956 4125 2058 4179 hac
2088 4123 2284 4179 cellula
2315 4131 2703 4178 conversantes
2731 4122 2914 4176 divino
2944 4121 3161 4176 servitio
3215 4119 3394 4174 minus
3451 4121 3541 4173 in-

1953 4220 2132 4267 tentos
2165 4213 2380 4277 faceret,
2416 4210 2499 4265 vel
2550 4225 2582 4264 a
2637 4211 2915 4281 proposito
2969 4210 3181 4281 penitus
3233 4215 3538 4275 revocaret,

1952 4300 2246 4371 supradicti
2277 4299 2510 4355 ctnnobii
2540 4299 2731 4364 abbas,
2780 4298 3020 4353 ﬁdelium
3052 4306 3107 4353 et
3161 4299 3384 4352 fratrum
3415 4312 3542 4351 suo-

1951 4407 2072 4445 rum
2103 4389 2351 4456 consilio,
2395 4387 2652 4442 nonnulla
2704 4388 3015 4458 subscripta
3071 4388 3173 4442 hac
3230 4387 3540 4442 conditione

1948 4478 2320 4546 adjunxitzut
2372 4477 2417 4529 si
2475 4475 2658 4546 aliquo
2715 4476 2913 4530 divinm
2969 4476 3342 4545 dispositionis
3401 4483 3535 4528 nutu

1946 4567 2298 4622 destructioni
2359 4564 2711 4634 subjacuerit,
2770 4564 2947 4618 omnia
3007 4565 3207 4619 ibidem
3277 4563 3535 4633 deputata

1946 4657 2101 4712 beato
2135 4657 2414 4709 Mansueto
2445 4653 2748 4723 capitaliter
2777 4653 3150 4708 restituantur.
3209 4651 3367 4723 Apud
3422 4652 3534 4704 Ha-

1941 4745 2108 4799 leium
2143 4759 2256 4796 vnn
2289 4741 2627 4813 quartarios.
2669 4741 2825 4811 Apud
2881 4741 3045 4796 Avios
3092 4758 3130 4794 ιι
3188 4739 3521 4811 quartarios.

1942 4836 2098 4904 Apun
2155 4831 2526 4887 Chalmontem
2596 4845 2634 4883 ιι
2695 4831 3017 4901 quartarios.
3073 4829 3230 4900 Apud
3282 4829 3527 4883 Novum-

1939 4923 2127 4977 villare
2159 4939 2198 4974 ιι
2228 4919 2532 4992 quartarios
2563 4935 2685 4974 cum
2717 4919 3085 4973 manentibus.
3125 4918 3293 4988 Apud
3327 4919 3529 4972 Petrae-

1939 5011 2118 5066 villam
2151 5026 2187 5064 ιι
2221 5009 2544 5080 quartarios.
2576 5008 2732 5079 Apud
2763 5007 2996 5062 Huldeni
3031 5009 3271 5063 Montem
3299 5023 3318 5061 ι
3359 5021 3524 5078 quar-

1937 5100 2128 5154 tarium
2159 5106 2213 5153 et
2259 5098 2562 5153 dimidium.
2619 5097 2770 5168 Apud
2814 5095 3234 5152 IIulciolivillam
3290 5112 3307 5150 ι
3367 5111 3524 5167 quar-

1935 5188 2130 5242 tarium
2163 5195 2214 5241 et
2243 5187 2549 5240 dimidium.
2590 5187 2747 5256 Apud
2777 5184 3306 5240 Domnumbasolum
3353 5183 3518 5256 quid-

1934 5287 2062 5357 quid
2093 5287 2280 5355 Drogo
2309 5286 2378 5340 de
2409 5287 2686 5341 Estraines
2716 5285 2865 5340 dedit
2900 5294 3086 5341 sancto
3135 5286 3414 5338 Mansueto
3464 5283 3519 5337 in

1933 5376 2120 5429 eadem
2143 5375 2292 5439 villa,
2323 5390 2424 5444 pro
2453 5376 2631 5428 anima
2662 5391 2757 5429 sua
2814 5383 2866 5430 et
2917 5382 3326 5430 antecessorum
3382 5387 3516 5427 suo-

1932 5479 2074 5529 rum,
2099 5471 2150 5516 et
2183 5478 2281 5532 pro
2321 5463 2611 5532 prarbenda
2666 5463 2760 5518 ﬁlii
2815 5465 2944 5529 sui;
3003 5463 3206 5518 donum
3259 5461 3514 5517 videlicet

1928 5551 2218 5620 lapideam,
2251 5551 2563 5620 contiguam
2609 5553 2802 5622 parieti
2847 5553 3112 5615 ecclesiae,
3171 5559 3223 5606 et
3271 5551 3520 5606 homines

1931 5639 2004 5692 ad
2036 5639 2209 5707 ipsum
2240 5637 2476 5692 alodium
2500 5641 2858 5708 pertinentes.
2879 5641 3160 5696 Albertum
3183 5650 3234 5695 et
3256 5640 3517 5711 quidquid

1930 5725 2244 5796 possidebat
2275 5726 2329 5779 in
2371 5727 2552 5791 terris,
2587 5729 2770 5797 pratis,
2795 5730 2981 5800 sylvis,
3006 5728 3350 5791 molendinis,
3374 5737 3426 5783 et
3464 5729 3516 5784 in

1929 5815 2138 5870 cunctis
2171 5814 2426 5869 usuariis.
2462 5814 2834 5871 Herimannus
2877 5819 2944 5872 de
2996 5819 3057 5872 S.
3124 5818 3513 5887 Christophoro

1929 5905 2078 5961 dedit
2106 5906 2170 5959 Β.
2213 5904 2492 5959 Mansueto
2522 5905 2666 5977 apud
2696 5906 3148 5963 Novumcastrum
3181 5905 3514 5980 quartarium
