3882 6444
472 400 575 456 ωδ

466 524 544 580 iin
614 517 849 586 mensis,

467 610 725 677 incultis,
757 608 937 664 servis
958 614 1012 663 et
1040 606 1274 663 ancillis.

545 700 689 770 Quia
731 714 865 754 vero
894 696 1106 769 gradus
1137 695 1305 751 altior
1334 711 1368 750 a
1396 692 1553 749 ruina
1570 707 1679 750 non
1701 692 1964 761 defendit,
1980 691 2082 748 sed

472 789 748 847 interdum
778 784 1008 859 gravius
1038 784 1359 857 praecipitat,
1390 798 1493 838 nos
1524 782 1617 855 qui
1665 782 1813 837 nulla
1857 782 2082 838 merito-

473 896 590 936 rum
621 875 993 950 praerogativa
1022 891 1088 928 su
1101 872 1393 945 ﬂ'ragante,
1425 872 1602 927 sancti
1634 870 1906 927 Mansueti
1932 871 2081 928 vices

473 968 703 1039 indigne
736 975 986 1020 tenemus
1020 979 1034 1033 ;
1069 971 1127 1018 ut
1156 962 1350 1018 eodem
1383 961 1702 1033 porrigente
1738 976 1959 1015 manum
2011 961 2081 1017 de

473 1058 595 1113 lacu
626 1054 862 1110 miseriae
893 1060 949 1109 et
978 1052 1046 1107 de
1077 1051 1191 1107 luto
1238 1050 1390 1107 fiscis
1432 1050 1711 1120 possimus
1757 1065 2077 1121 resurgere,

481 1155 537 1202 et
592 1160 660 1201 eo
714 1147 1043 1215 protegente
1091 1156 1323 1213 quaeque
1378 1138 1690 1211 periculose
1743 1138 2081 1195 imminentia

479 1233 746 1301 devitarc,
782 1231 959 1287 visum
989 1238 1074 1286 est
1119 1229 1279 1285 nobis
1334 1243 1446 1284 non
1498 1227 1888 1300 incongruum,
1947 1226 2088 1284 cleri

479 1323 652 1379 nostri
680 1321 912 1379 consilio
940 1327 997 1376 et
1036 1318 1365 1385 hortamine,
1427 1317 1497 1372 de
1541 1325 1729 1373 nostro
1779 1317 1901 1386 jure
1957 1317 2081 1374 huic

481 1411 694 1468 cellulae
720 1409 1070 1482 profuturum
1099 1407 1308 1479 aliquid
1366 1405 1643 1463 recidere.
1708 1406 1956 1478 Denique
2009 1406 2080 1462 ad

479 1500 666 1557 domni
696 1499 911 1555 abbatis
929 1497 1145 1554 Temari
1167 1496 1503 1568 petitionem,
1529 1501 1700 1551 totum
1723 1495 1871 1550 illum
1894 1495 2078 1552 locum

480 1590 646 1647 certis
678 1588 941 1644 limitibus
973 1589 1343 1653 terminatum,
1393 1601 1515 1642 cum
1574 1584 1737 1652 cella,
1796 1593 2077 1642 annuente

478 1678 868 1736 archidiacono
899 1685 951 1732 et
979 1676 1207 1743 decano,
1243 1673 1672 1731 assentientibus
1702 1674 1863 1731 etiam
1903 1690 2074 1731 cano-

478 1768 618 1824 nicis
647 1766 823 1822 sancti
854 1762 1133 1837 Gengulﬁ,
1178 1779 1303 1820 cum
1360 1762 1678 1835 praeposito,
1731 1762 1787 1817 in
1844 1779 2075 1835 quorum

476 1856 780 1930 parochiali
809 1863 891 1911 est
919 1853 1215 1924 territorio,
1236 1852 1305 1909 ab
1333 1851 1483 1907 omni
1540 1852 1878 1921 subjectione
1931 1852 2076 1909 illius

476 1946 665 2002 matris
697 1944 943 2001 ecclesiae
971 1944 1202 1999 liberum
1232 1941 1531 1998 reddimus.
1565 1941 1796 1998 Omnem
1827 1941 2081 1998 decima-

478 2035 683 2091 tionem
714 2036 1102 2105 cujuscumque
1133 2032 1213 2087 rei
1260 2031 1403 2087 intra
1455 2030 1758 2102 descriptos
1814 2031 2081 2087 terminos

478 2124 631 2182 cellae
660 2124 1035 2181 concedimus.
1071 2120 1278 2177 Omnes
1309 2120 1577 2186 advenas,
1608 2120 1714 2175 nisi
1743 2119 1852 2175 sint
1871 2120 1940 2176 de
1961 2120 2082 2192 ipsa

477 2213 760 2287 parochia,
796 2212 888 2285 qui
919 2212 971 2266 in
996 2211 1113 2281 jam
1143 2209 1293 2266 dicto
1331 2209 1454 2266 loco
1484 2208 1822 2265 mansionem
1840 2224 2078 2281 accepe—

476 2303 605 2369 rint,
636 2318 669 2357 a
695 2303 833 2375 jugo
862 2298 1187 2371 antiquioris
1218 2297 1467 2354 ecclesiae
1494 2297 1781 2353 absolutos
1810 2313 1934 2353 esse
1954 2314 2079 2353 om-

478 2391 615 2447 nino
645 2390 1019 2445 decernimus.
1055 2388 1127 2443 Et
1180 2396 1237 2443 ut
1289 2397 1483 2443 contra
1524 2388 1643 2443 haec
1689 2394 1888 2441 statuta
1929 2388 2079 2442 nulla

480 2480 780 2551 aliquando
829 2493 1136 2550 exsurgere
1190 2477 1387 2531 audeat
1440 2476 1677 2531 violenta
1732 2475 2076 2547 improbitas,

478 2584 672 2625 omnes
711 2567 805 2640 qui
861 2567 930 2623 de
987 2566 1074 2621 his
1129 2565 1343 2621 donatis
1396 2563 1600 2636 aliquid
1654 2564 2073 2633 substraxerint,

474 2655 694 2713 vinculo
774 2653 1140 2711 anathematis
1191 2652 1566 2717 innodamus;
1636 2660 1696 2708 ut
1750 2652 2077 2710 decursione

473 2753 785 2817 temporum
815 2744 886 2799 ab
917 2744 1151 2798 humana
1182 2741 1446 2797 memoria
1485 2740 1618 2796 nihil
1661 2742 1857 2797 horum
1904 2742 2078 2813 possit

474 2834 731 2890 excidere
763 2832 851 2889 vel
882 2831 1095 2904 augeri,
1146 2832 1252 2888 hac
1308 2830 1585 2902 scriptura
1637 2829 1947 2887 ﬁrmamus.
2006 2832 2076 2888 Ut

471 2922 839 2979 confundatur
869 2929 924 2977 et
953 2922 1295 2977 obmutescet
1323 2920 1504 2976 omnis
1534 2920 1722 2975 invida
1771 2928 1825 2976 et
1871 2936 2074 2991 repens

463 3011 742 3083 judicialis
771 3009 1064 3077 calumnia,
1096 3017 1206 3064 tam
1228 3017 1432 3065 nostra:
1477 3008 1739 3082 imaginis
1786 3009 2075 3065 notissima

466 3101 865 3174 assignatione,
900 3114 1065 3172 quam
1114 3098 1306 3154 talium
1366 3098 1628 3165 virorum,
1706 3098 1904 3170 quibus
1959 3114 2071 3156 non

466 3190 698 3247 credere
753 3189 912 3246 nefas
954 3195 1057 3259 est,
1100 3187 1343 3244 subnexa
1387 3184 1773 3244 testiﬁcatione
1829 3187 2069 3243 robora-

464 3296 613 3337 mus.

536 3370 766 3441 Signum
796 3367 1020 3424 Pibonis
1050 3365 1297 3439 episcOpi
1309 3406 1323 3421 .

535 3460 697 3531 Sign.
737 3457 993 3514 Themari
1023 3456 1242 3513 abbatis
1265 3453 1442 3512 sancti
1472 3453 1760 3510 Mansueti.

538 3548 701 3622 Sign.
741 3547 937 3603 Seheri
965 3546 1174 3601 abbatis
1205 3544 1382 3601 sancti
1413 3542 1636 3600 Leonis.

538 3637 702 3711 Sign.
741 3636 992 3710 Hugonis
1021 3633 1344 3708 primicerii.

535 3725 696 3799 Sign.
733 3723 968 3781 Luctulfi
998 3724 1215 3781 decani.

534 3815 695 3888 Sign.
733 3814 952 3887 Riquini
978 3810 1381 3869 archidiaconi.

536 3905 700 3977 Sign.
738 3902 1010 3959 Brunonis
1041 3899 1427 3959 archidiaconi
1452 3907 1506 3957 et
1536 3896 1836 3972 praepOsiti.

538 3994 672 4067 Sign
686 4034 701 4050 .
738 3992 1104 4049 Adelberonis
1131 3988 1533 4047 archidiaconi.

536 4083 703 4156 Sign.
740 4081 1001 4154 Stephani
1030 4078 1422 4136 archidiaconi.

536 4171 697 4244 Sign.
735 4170 985 4245 Hugonis
1011 4167 1409 4227 archidiaconi.

540 4260 701 4331 Sign.
739 4258 984 4317 Tecelini
1011 4255 1404 4314 archidiaconi.

543 4349 704 4419 Sign.
742 4346 1100 4403 Adelberonis
1128 4343 1459 4403 cancellarii.

542 4437 655 4492 Ista
681 4436 901 4509 quidem
959 4443 1188 4508 peracta
1244 4442 1369 4490 sunt
1417 4434 1475 4489 in
1525 4433 1766 4490 Tullensi
1811 4434 1961 4503 sede,
2010 4436 2066 4492 in

472 4524 713 4583 ecclesia
757 4527 964 4596 majore
1007 4539 1107 4579 vm
1172 4522 1448 4579 Kalendas
1503 4523 1708 4591 Martii,
1772 4524 1828 4578 in
1888 4525 2068 4597 capite

464 4615 838 4688 jejuniorum,
884 4613 1141 4671 audiente
1189 4613 1375 4680 clero,
1444 4620 1501 4670 et
1550 4612 1836 4669 innumera
1890 4615 2067 4686 plebis
2098 4604 2148 4665 D

473 4703 837 4775 multitudine,
878 4719 1022 4760 anno
1077 4703 1147 4758 ab
1204 4700 1591 4758 Incarnatione
1635 4702 1854 4757 Domini
1911 4707 2069 4773 1093,

472 4793 826 4851 ordinationis
853 4808 987 4851 vero
1016 4799 1221 4849 nostra:
1251 4807 1398 4847 anno
1442 4806 1607 4857 xxxv,
1652 4790 1956 4849 indictione
2009 4810 2067 4860 ιι,

473 4882 608 4940 feria
635 4899 711 4951 tv,
740 4889 1103 4940 concurrente
1126 4898 1179 4951 v,
1211 4880 1356 4936 luna:
1384 4895 1467 4951 ιιι,
1500 4886 1693 4952 epacta
1721 4895 1761 4936 ι.

1230 5032 1306 5092 Χ.

723 5160 1091 5235 Privilegium
1112 5174 1216 5233 pro
1239 5158 1481 5215 ecclesia
1507 5158 1564 5216 S.
1596 5158 1808 5216 Marica.

1064 5287 1245 5359 (Anno
1283 5285 1468 5357 1096.)

809 5412 972 5489 [Dom
1003 5412 1250 5481 CALIBT,
1282 5412 1443 5483 ibid.,
1477 5428 1534 5484 p.
1567 5414 1729 5484 602.]

542 5537 602 5593 In
632 5535 852 5593 nomine
879 5536 1100 5594 Domini
1131 5536 1331 5594 summi
1358 5543 1413 5593 et
1433 5536 1549 5593 veri
1590 5536 1717 5595 Dei.
1776 5536 2065 5608 Quoniam,

468 5629 523 5677 ut
555 5623 778 5698 quidam
805 5625 1022 5698 sapiens
1049 5626 1145 5693 ait,
1205 5626 1489 5699 pulchrum
1544 5635 1630 5682 est
1684 5628 1829 5682 bene
1887 5627 2068 5686 facere

470 5713 760 5769 mundanae
788 5714 1124 5785 reipublicae,
1150 5723 1364 5771 constat
1412 5731 1626 5771 summe
1665 5715 1953 5787 pulchrum
2011 5726 2065 5774 et

471 5803 689 5858 salubre
716 5819 840 5857 esse
868 5803 925 5857 id
953 5801 1072 5858 ﬁeri
1101 5803 1368 5873 spirituali
1398 5812 1452 5859 et
1481 5804 1686 5861 divina:
1706 5805 1890 5861 curiae.
1915 5805 2066 5874 Qua-

469 5897 695 5961 prOpter
721 5889 972 5948 volumus
998 5893 1191 5949 notum
1218 5906 1341 5949 esse
1369 5891 1625 5949 omnibus
1669 5901 1875 5951 nostrae
1921 5893 2063 5952 dioe-

1596 383 1870 441 PIBONIS
1908 385 2228 445 EPISCOPI
2267 387 2653 447 TULLENSIS

947 514 1398 583 mansionilibus,
1456 513 1518 570 in
1575 512 1741 569 terris
1797 511 1959 569 cultis
2018 520 2073 570 et
2099 515 2152 578 Α
2186 514 2328 572 cesis
2355 513 2626 584 ﬁdelibus,
2659 523 2770 572 tam
2788 519 3022 588 posteris
3042 537 3209 595 quam
3229 526 3619 597 praesentibus,
3642 531 3799 602 quod

3685 405 3798 461 £36

2190 620 2298 677 ego
2330 605 2462 660 Pibo
2493 604 2592 660 Dei
2622 606 2797 679 gratia
2812 608 3082 666 Tullensis
3101 613 3251 670 sedis
3272 616 3497 686 praesul,
3535 617 3673 674 dedi
3708 637 3798 676 eo-

2189 693 2372 749 clesite
2399 693 2614 751 Sanctae
2650 696 2847 763 Maria,
2880 714 2985 769 que
3014 705 3099 756 est
3117 702 3173 757 in
3202 703 3477 761 Molehme
3503 707 3797 781 (l‘ahbaye

2188 781 2257 837 dc
2288 782 2573 854 Molesme)
2603 783 2788 851 altare,
2822 786 2967 857 quod
2999 788 3159 845 situm
3192 800 3273 847 est
3304 792 3361 847 in
3408 795 3798 855 Commaroeio

2185 870 2256 926 ad
2286 870 2569 928 utilitatem
2599 875 2993 931 monachorum
3022 877 3158 934 inibi
3204 881 3323 937 Deo
3369 881 3790 943 famulantium.

2188 960 2329 1030 Quia
2359 976 2492 1017 vero
2519 962 2832 1018 coenobium
2863 963 2997 1020 illud
3024 968 3095 1022 ad
3122 978 3367 1026 nostram
3396 983 3490 1028 aut
3532 975 3795 1035 ecclesia

2186 1056 2391 1105 nostra:
2419 1065 2530 1105 non
2556 1050 2746 1106 attinet
2773 1052 3187 1125 subiectionem,
3221 1060 3515 1117 statuimus
3538 1070 3603 1118 ut
3623 1080 3799 1137 supra

2188 1152 2416 1194 censum
2436 1138 2702 1207 debitum,
2736 1149 2936 1200 nostra;
2964 1144 3177 1203 solvant
3216 1148 3335 1204 sedi
3380 1150 3615 1209 assidue
3670 1170 3799 1210 cum

2185 1226 2307 1298 ipso
2335 1242 2525 1293 censu,
2565 1244 2660 1285 sex
2693 1229 2978 1288 denarios.
3034 1234 3118 1291 Ne
3177 1236 3299 1308 quis
3353 1247 3539 1295 autem
3595 1244 3801 1299 amodo

2186 1315 2293 1371 hoc
2322 1316 2525 1372 donum
2556 1325 2650 1373 aut
2675 1326 2939 1375 statutum
2969 1322 3052 1378 vel
3097 1338 3208 1380 non
3261 1325 3333 1381 ita
3389 1326 3610 1384 factum
3672 1349 3801 1389 esse

2184 1405 2453 1473 intendat,
2483 1417 2575 1461 aut
2591 1405 2647 1461 id
2688 1407 2898 1465 violare
2936 1421 3252 1481 praesumat,
3296 1416 3625 1474 curavimus
3666 1420 3802 1477 illud

2185 1493 2569 1559 corroborare,
2626 1501 2679 1550 et
2709 1497 2993 1562 praesentis
3034 1499 3316 1573 privilegii
3355 1505 3800 1577 conscriptione,

2184 1587 2237 1637 et
2259 1582 2435 1638 nostri
2462 1582 2631 1656 sigilli
2658 1583 3044 1656 impressione,
3077 1595 3134 1644 et
3150 1604 3339 1646 eorum
3370 1592 3466 1664 qui
3494 1594 3799 1669 subscripti

2182 1678 2328 1739 sunt,
2362 1679 2467 1727 tam
2486 1671 2814 1730 clericorum
2845 1690 3010 1748 quam
3039 1676 3302 1735 laicorum
3322 1679 3532 1738 idonea
3566 1692 3796 1742 attesta-

2178 1758 2352 1817 tione.

2107 1883 2160 1943 Β
2269 1851 2451 1943 Testes
2466 1851 2615 1943 ‘doni
2641 1852 3023 1943 prioris.Sig.
3055 1854 3327 1930 Reliquini
3383 1859 3794 1921 archidiaconi.

2098 3238 2148 3301 Ο

2263 1939 2421 2011 Sign.
2453 1941 2686 1996 Gerardi
2713 1941 2947 1999 comitis.

2260 2026 2417 2100 Sign.
2449 2030 2709 2086 Reinardi
2738 2032 2974 2089 comitis.

2260 2117 2417 2190 Sign.
2451 2117 2695 2175 Odelrici
2722 2121 2942 2177 comitis
2970 2122 3040 2178 de
3069 2124 3334 2183 Brisseio.

2260 2205 2417 2279 Sign.
2450 2207 2714 2264 Godberti
2742 2210 2811 2266 de
2840 2216 3281 2282 Aspero-monte.

2264 2297 2440 2352 Testis
2468 2297 2605 2353 doni
2623 2303 2905 2357 renovati.
2931 2302 3067 2357 Item
3096 2303 3248 2378 sign.
3274 2305 3560 2379 Reliquini
3581 2310 3786 2367 archid.

2258 2384 2413 2457 Sign.
2447 2387 2712 2442 Tasselini
2741 2389 2956 2447 archid.

2258 2472 2414 2545 Sign.
2446 2475 2712 2546 Stephani
2743 2477 2952 2534 archid.

2258 2561 2416 2635 Sign.
2448 2563 2736 2620 Ramboldi
2763 2566 3112 2624 cancellarii.

2258 2652 2413 2724 Sign.
2444 2652 2669 2709 Joannis
2691 2653 2911 2710 decani.

2256 2740 2412 2814 Sign.
2437 2742 2711 2798 Bernardi
2733 2743 3063 2800 sacerdotis.

2255 2829 2412 2902 Sign.
2446 2830 2692 2887 Edelrici
2719 2832 2788 2888 de
2820 2832 3044 2889 Rinnel.

2256 2919 2411 2992 Sign.
2449 2919 2667 2976 Henrici
2698 2920 2947 2977 advocati
2978 2922 3227 2980 Tullens.

2254 3008 2411 3081 Sign.
2443 3007 2707 3081 Sigiﬂ'ridi
2724 3018 2777 3066 et
2796 3011 3044 3084 Hugonis
3061 3012 3223 3070 villici
3238 3022 3291 3070 et
3307 3014 3570 3073 Godberti
3592 3035 3770 3077 came-

2182 3112 2306 3152 ram
2320 3139 2334 3153 .

2254 3189 2477 3243 Donum
2504 3194 2825 3244 renovatum
2853 3196 3039 3246 actum
3069 3198 3152 3247 est
3204 3207 3346 3249 anno
3378 3194 3446 3249 ab
3505 3196 3773 3252 [acama-

2129 3273 2326 3334 ‘tione
2369 3276 2587 3333 Domini
2648 3278 2806 3345 1096,
2866 3278 3162 3337 indictione
3218 3297 3297 3349 ιν,
3355 3292 3549 3354 epacta
3604 3300 3765 3352 xxiv,

2177 3374 2500 3423 occurrente
2529 3382 2591 3431 ιι,
2624 3367 2847 3423 Urbano
2892 3382 3052 3439 papa,
3096 3369 3298 3426 Pibone
3345 3372 3621 3444 episcopo,
3672 3390 3764 3429 re-

2177 3465 2381 3529 gnante
2410 3454 2650 3511 Henrico
2679 3456 2770 3523 IV,
2803 3457 3154 3528 imperatore,
3203 3460 3340 3517 duce
3400 3462 3758 3529 Theodorico,

2177 3546 2379 3603 comite
2407 3544 2707 3611 Reinardo,
2740 3545 2944 3618 ubique
2988 3556 3258 3620 regnante
3303 3550 3536 3606 Domino
3575 3558 3761 3607 nostro

2175 3632 2304 3690 Jesu
2326 3632 2564 3698 Christo,
2596 3633 2684 3690 cui
2714 3635 2785 3689 sit
2810 3635 3010 3703 honor,
3042 3636 3164 3693 laus
3191 3645 3246 3694 et
3259 3637 3437 3713 gloria
3461 3655 3564 3713 per
3580 3640 3762 3697 omnia

2178 3723 2383 3780 saecula
2410 3722 2759 3779 saeculorum.
2792 3726 2991 3781 Amen.

2923 3864 3022 3919 XI.

2176 3985 2459 4044 Fundatio
2493 3988 2786 4060 priorum:
2820 3990 2877 4046 S.
2908 3989 3100 4046 Jacobi
3125 3990 3190 4046 in
3224 3990 3463 4048 Castulo
3490 3991 3633 4048 Novo
3658 4007 3756 4064 pro

2496 4086 2721 4143 abbatia
2749 4087 2805 4145 S.
2834 4087 3115 4145 Mansueti
3139 4089 3437 4145 Tullensis.

2772 4212 2953 4282 (Anno
2989 4214 3172 4282 1097.)

2443 4335 2590 4409 [Don
2620 4337 2846 4394 Cauta?
2902 4339 2996 4395 ubi
3023 4355 3217 4412 supra,
3248 4355 3309 4411 p.
3346 4339 3493 4409 509.]

2248 4459 2534 4517 Universis
2568 4461 2895 4518 Christianae
2941 4462 3221 4536 religionis
3266 4462 3578 4527 cultoribus,
3630 4462 3751 4516 Ριιο

2180 4544 2453 4605 Tullensis
2483 4550 2747 4608 Ecclesia;
2777 4551 2877 4606 Dei
2905 4552 3080 4623 gratia
3120 4551 3481 4622 dispensator,
3513 4550 3747 4619 salutem,

2179 4644 2234 4693 et
2262 4637 2524 4710 simplicis
2554 4640 2795 4696 veritatis
2825 4640 3090 4712 integram
3121 4640 3482 4696 dilectionem.

2252 4726 2471 4783 Pietatis
2500 4736 2554 4783 et
2581 4729 2739 4786 bona:
2767 4728 2997 4785 actionis
3023 4727 3205 4786 officia
3232 4736 3380 4784 tanto
3408 4727 3581 4799 magis
3594 4742 3749 4800 appe-

2178 4822 2300 4872 tere
2353 4825 2408 4872 et
2452 4817 2709 4889 amplecti
2756 4817 2919 4873 debet
2974 4816 3223 4874 omnium
3277 4815 3510 4872 ﬁdelium
3563 4816 3748 4873 devota

2178 4912 2413 4980 aﬂ‘ectio,
2447 4923 2649 4988 quanto
2679 4915 2858 4987 magis
2904 4931 3016 4973 non
3070 4914 3472 4988 aspernabilem
3523 4914 3747 4971 honesta:

2179 5002 2453 5075 opinionis
2477 5004 2706 5060 odorem
2734 5004 2900 5076 longe
2928 5012 2983 5062 et
3011 5005 3120 5060 late
3141 5003 3466 5070 diffundunt,
3488 5002 3746 5059 etdeside-

2179 5092 2413 5148 rabilem
2468 5094 2780 5149 animarum
2820 5091 3260 5162 viviﬁcationem,
3316 5101 3372 5149 et
3424 5093 3743 5164 postmodum

2178 5196 2472 5253 corporum
2498 5182 2901 5253 reparationem
2922 5182 3214 5239 eﬂicaciter
3240 5189 3551 5253 operantur.
3606 5180 3743 5237 Unde

2179 5286 2281 5326 nos
2302 5287 2441 5343 quos
2470 5288 2716 5327 summus
2745 5271 2837 5328 ille
2882 5279 3044 5343 pater
3089 5270 3343 5339 familias,
3399 5269 3598 5325 utinam
3646 5286 3740 5326 non

2177 5359 2246 5415 ad
2269 5360 2557 5429 judicium,
2590 5360 2645 5415 in
2671 5361 2836 5417 domo
2864 5375 2967 5417 sua
3021 5359 3391 5432 speculatores
3443 5358 3632 5430 posuit,
3682 5373 3741 5415 eo

2176 5449 2502 5521 propensius
2529 5448 2585 5505 in
2614 5449 2772 5520 hujus
2820 5448 2983 5506 stadii
3027 5466 3192 5506 cursu
3237 5447 3477 5521 legitime
3508 5447 3741 5504 certando

2176 5538 2431 5596 convenit
2460 5538 2702 5613 reliquos
2732 5539 2962 5605 anteire,
2986 5554 3124 5612 quos
3146 5553 3255 5595 non
3282 5537 3459 5594 solum
3488 5535 3557 5592 de
3582 5537 3738 5602 nobs,

2176 5644 2367 5685 verum
2396 5628 2557 5684 etiam
2585 5627 2654 5685 de
2675 5626 2929 5684 omnibus
2950 5644 3087 5701 quos
3110 5627 3381 5701 regendos
3400 5634 3453 5682 et
3481 5624 3683 5698 corrige
3693 5641 3738 5680 l-

2175 5717 2278 5773 dos
2308 5716 2671 5789 suscepimus.
2703 5716 2749 5773 si
2771 5716 3031 5774 desidiosi
3061 5716 3488 5788 apparuerimus,
3544 5717 3740 5771 tandem

2174 5806 2264 5862 ille
2296 5806 2386 5878 qui
2414 5806 2704 5873 commisit,
2738 5807 2919 5862 iratus
2951 5806 3134 5880 exiget
3164 5805 3451 5861 rationem.

2242 5895 2443 5953 Audito
2458 5895 2640 5970 itaque
2668 5904 2722 5954 et
2749 5903 2977 5968 accepto
3004 5895 3319 5970 apostolicae
3356 5891 3736 5968 praedicaﬁoris
