3882 6452
176 433 304 492 L37

1647 434 2066 496 DIPLOMATA.

3403 433 3508 492 £38

176 557 494 632 praeconio,
553 558 698 631 quod
756 575 866 617 non
904 570 982 619 est
1026 562 1172 635 apud
1227 562 1402 619 Deum
1457 578 1808 635 personarum
1838 562 1895 625 Α
1923 561 2207 618 dimidium
2236 576 2507 633 mansum,
2537 569 2591 619 et
2617 570 2829 635 pratum
2847 560 3153 629 dimidium,
3203 557 3349 631 quod
3377 574 3512 631 por-

178 650 467 721 acceptio,
498 649 778 721 cujusdam
811 652 1063 724 pauperis
1098 661 1152 708 et
1180 652 1382 708 exsulis
1435 667 1623 724 preces
1677 667 1801 708 cum

180 738 476 795 alacritate
504 740 857 809 suscepimus,
890 749 944 795 et
983 742 1052 797 ad
1082 742 1200 811 ejus
1245 741 1580 813 petitionem,
1629 741 1801 796 inter-

175 836 447 892 veniente
477 837 795 893 Grimbaldo
825 839 1041 906 abbate,
1073 839 1129 895 in
1166 839 1321 909 cujus
1350 841 1513 895 tutela
1539 855 1597 893 se
1626 847 1677 894 et
1705 854 1803 894 sua

176 926 421 980 omnino
466 926 960 997 commendaverat,
1018 928 1302 983 ecclesiam
1358 944 1521 998 quam
1576 927 1691 999 ipse
1747 927 1802 981 in

173 1021 381 1070 monte
407 1013 536 1070 Sion
566 1015 938 1081 adiﬁcaverat,
970 1016 1105 1073 cleri
1160 1017 1332 1071 nostri
1360 1016 1588 1073 consilio
1642 1015 1803 1073 dedi-

173 1102 457 1157 cavimus.
490 1104 589 1159 Hic
618 1104 817 1159 etenim
851 1121 1057 1177 pauper
1111 1106 1295 1175 Ursus,
1356 1105 1572 1161 natione
1624 1105 1801 1159 Bene-

171 1207 489 1270 ventanus,
583 1202 875 1257 multorum
968 1202 1212 1257 locorum
1304 1201 1801 1273 Opportunitatibus

181 1288 513 1360 exploratis,
556 1290 873 1361 praedictum
926 1298 1167 1345 montem
1207 1291 1482 1361 proposito
1536 1304 1633 1344 suo
1669 1304 1801 1345 con-

168 1392 386 1450 gruum
407 1387 629 1434 remotas
657 1379 1050 1435 conversationi
1091 1396 1203 1434 suae
1228 1378 1543 1451 priteelegit,
1566 1378 1800 1448 reliquas

163 1466 356 1521 sancti
394 1466 580 1522 Jacobi
619 1468 848 1538 apostoli
880 1483 1013 1538 quas
1041 1483 1225 1522 secum
1271 1467 1469 1522 habere
1519 1466 1792 1534 credebat,

164 1554 390 1609 ibidem
432 1554 699 1626 deposuit,
731 1556 801 1611 ab
832 1556 959 1623 illis,
991 1556 1082 1626 qui
1105 1572 1228 1611 eum
1246 1556 1619 1627 temporaliter
1642 1553 1795 1625 quasi

166 1642 512 1699 beneﬁcium
544 1644 908 1717 possidebant,
926 1645 1196 1700 licentiam
1218 1644 1488 1700 incolendi
1522 1644 1788 1712 obtinuit;

164 1737 279 1793 sed
345 1755 470 1794 cum
535 1755 633 1810 pro
669 1740 1016 1810 reliquiarum
1070 1740 1390 1803 reverentia,
1448 1747 1502 1794 et
1557 1738 1791 1793 novitate

165 1826 310 1892 loci,
352 1827 756 1883 innumerabilis
786 1830 1108 1899 populorum
1141 1828 1295 1884 turba
1323 1828 1450 1883 illuc
1475 1826 1787 1887 conﬂueret.

1913 658 1990 707 tat
2016 667 2072 707 IV
2098 658 2333 708 carratas
2358 652 2488 719 feni,
2521 659 2573 707 et
2602 651 2864 722 quidquid
2919 649 3104 708 allodii
3154 648 3429 707 habebant
3454 648 3511 703 in

1912 748 2115 796 monte.
2169 740 2623 813 Hugoquondam
3171 735 3514 794 Camerarius

1911 828 2061 884 dedit
2088 830 2143 885 in
2172 830 2364 885 eadem
2394 829 2522 885 villa
2549 845 2625 885 vn
2669 836 2848 885 curtos
2876 844 3112 896 mansos,
3144 833 3198 882 et
3216 824 3507 897 mancipia,

1911 918 2206 985 Erundum,
2265 918 2637 985 Benhelinum,
2705 916 3056 983 Bernardum,
3125 931 3249 971 cum
3320 913 3511 969 uxori-

1908 1006 2012 1062 bus
2038 1015 2091 1063 et
2127 1006 2269 1073 ﬁliis,
2302 1014 2356 1062 et
2408 1006 2630 1077 reliquis
2682 1006 2960 1076 utriusque
3013 1020 3194 1073 sexus,
3243 1010 3296 1059 et
3349 1017 3512 1058 man-

1907 1111 2028 1151 sum
2057 1096 2114 1149 in
2143 1111 2252 1167 quo
2281 1102 2361 1151 est
2386 1094 2776 1165 molendinum,
2830 1102 2885 1150 et
2909 1101 3097 1157 terras.
3129 1100 3183 1148 et
3236 1097 3391 1163 prata
3419 1090 3512 1145 in-

1908 1191 2058 1255 tegre
2137 1183 2262 1239 huic
2342 1198 2530 1238 manso
2602 1182 2993 1257 appendentia,
3058 1179 3513 1237 consentientibus

1905 1271 2191 1344 nepotibus
2216 1270 2344 1341 suis,
2384 1271 2595 1327 duobus
2632 1271 2904 1345 fratribus,
2935 1269 3183 1325 Alberico
3232 1266 3423 1333 milite,
3456 1272 3511 1323 et

1905 1360 2134 1433 Hugone
2162 1359 2461 1428 sacerdote,
2492 1367 2714 1432 accepto
2743 1376 2777 1415 a
2813 1358 3100 1415 Thiemaro
3130 1356 3327 1413 abbate
3382 1371 3508 1412 cen-

1903 1456 2015 1504 tum
2044 1449 2337 1504 solidorum
2368 1449 2561 1520 pretio,
2593 1455 2649 1503 et
2673 1465 2708 1504 a
2718 1447 2838 1518 jam
2856 1447 2999 1503 dicto
3027 1447 3259 1518 Hugone
3285 1452 3503 1516 recepto

1900 1552 2057 1592 servo
2085 1545 2140 1591 et
2165 1538 2380 1606 ancilla,
2413 1553 2535 1592 cum
2592 1535 2908 1604 infantibus,
2967 1542 3021 1590 et
3076 1533 3288 1589 duobus
3341 1531 3506 1589 curtis

1900 1625 2101 1680 mansis
2129 1627 2230 1681 hac
2276 1624 2586 1681 conditione
2632 1625 2878 1695 retentis.
2909 1623 3193 1695 Presbyter
3245 1628 3357 1677 tota
3393 1620 3506 1677 vita

1897 1714 2125 1787 singulis
2154 1714 2310 1769 annis
2365 1713 2647 1770 denarium
2702 1713 2831 1769 inde
2885 1712 3174 1786 persolvet,
3235 1710 3379 1781 quod
3433 1724 3501 1766 eo

1896 1812 2149 1869 defuncto
2207 1812 2416 1883 reliquo
2471 1812 2671 1870 allodio
2708 1811 3118 1884 redintegrabit,
3171 1809 3419 1866 similiter
3445 1814 3500 1865 et

164 1913 370 1971 divino
408 1932 633 1971 munere
660 1917 804 1972 idem
844 1933 1049 1988 pauper
1074 1918 1400 1983 sublevatur,
1433 1924 1487 1971 et
1523 1916 1764 1985 frequen-

1895 1902 1963 1957 de
1992 1901 2179 1971 milite,
2213 1902 2259 1957 si
2285 1902 2399 1957 sine
2428 1901 2643 1957 haerede
2671 1901 2915 1974 legitimo
2944 1900 3219 1956 morietur.

164 2004 390 2059 tissima
445 2006 980 2061 circummanentium
1063 2005 1368 2061 visitatione
1422 2013 1476 2059 et
1548 2004 1783 2075 impulsu

162 2101 533 2168 confortatur,
566 2103 867 2170 ecclesiam,
901 2103 1115 2172 qualem
1158 2102 1351 2174 potuit,
1395 2101 1503 2156 illic
1550 2108 1783 2157 constru-

160 2191 277 2258 xit,
309 2191 490 2246 locum
511 2191 684 2261 illum,
702 2192 839 2247 sicut
856 2192 1007 2257 olim,
1036 2191 1394 2246 inhabitatum
1416 2206 1530 2246 esse
1548 2197 1780 2261 putatur,

164 2288 232 2334 et
260 2280 438 2335 adhuc
466 2296 667 2352 aggere
697 2280 939 2351 lapidum
969 2280 1119 2349 quasi
1142 2295 1295 2335 muro
1333 2279 1613 2346 clauditur,
1638 2276 1783 2348 apud

162 2367 304 2422 illos
323 2368 380 2421 in
409 2384 637 2438 quorum
675 2376 934 2439 potestate
964 2375 1097 2434 erat,
1132 2376 1190 2422 ut
1236 2367 1478 2423 ecclesiis
1523 2372 1577 2421 et
1606 2366 1662 2420 in
1717 2380 1783 2421 ea

161 2456 415 2512 Domino
466 2457 822 2512 servientibus
879 2456 1230 2512 dedicationis
1294 2463 1556 2526 tempore,
1599 2460 1781 2510 nostro

164 2561 399 2602 assensu
429 2547 724 2601 traderetur
750 2545 944 2611 effecit,
986 2562 1148 2615 quam
1176 2545 1336 2601 beato
1368 2545 1642 2599 Mansueto
1670 2543 1781 2599 sic-

164 2642 235 2690 ut
262 2634 320 2689 in
349 2649 414 2691 ea
434 2635 684 2692 monachi
715 2635 1082 2690 stabilirentur
1110 2641 1372 2706 perpetuo
1402 2631 1781 2705 possidendam

162 2747 276 2808 per
302 2748 524 2787 manum
553 2741 792 2789 nostram
823 2732 1059 2789 tradidit.

247 2834 383 2889 Cum
403 2851 531 2891 vero
562 2835 753 2891 fratres
788 2843 842 2891 et
869 2834 974 2890 loci
1020 2834 1214 2889 incola:
1243 2848 1354 2905 prae
1374 2831 1494 2901 ejus
1539 2830 1784 2887 ariditate

161 2929 318 2986 infra
356 2932 605 3004 proprios
633 2932 892 2988 terminos
928 2947 1125 3002 aquam
1154 2929 1518 2985 necessariam
1556 2943 1666 2984 non
1696 2931 1787 2985 ha-

160 3017 384 3087 berent,
416 3020 620 3077 aditum
652 3020 721 3076 ad
769 3020 973 3075 fontem
1029 3019 1120 3090 qui
1158 3019 1215 3073 in
1265 3018 1524 3074 descensu
1559 3018 1781 3085 montis,

159 3121 387 3178 illorum
419 3122 637 3178 vesania
666 3121 721 3176 in
761 3136 987 3193 quorum
1036 3120 1217 3177 alodio
1273 3127 1406 3187 erat,
1446 3118 1781 3174 humanitate

165 3211 477 3284 postposita
509 3228 607 3283 per
633 3211 945 3267 violentiam
983 3209 1294 3265 interclusit.
1328 3208 1432 3278 Qui
1463 3224 1560 3280 pro
1589 3224 1655 3263 ea
1684 3207 1773 3262 in-

158 3301 461 3373 spiratione
534 3300 720 3356 divina
798 3300 1044 3367 correcti,
1130 3298 1373 3354 Aidricus
1446 3297 1650 3353 scilicet
1704 3296 1772 3351 de

164 3398 411 3469 Syonna,
443 3414 567 3452 cum
596 3413 767 3453 uxore
796 3406 847 3451 et
901 3396 1042 3464 ﬁliis,
1101 3396 1382 3451 Odelricus
1412 3402 1466 3450 et
1518 3393 1773 3451 Ahelinus

163 3495 367 3542 terram
397 3486 453 3541 in
481 3502 587 3557 qua
626 3486 747 3542 fons
775 3493 872 3555 est,
925 3494 977 3540 et
1006 3486 1059 3540 in
1091 3502 1197 3557 qua
1226 3485 1383 3541 vinea
1415 3490 1602 3555 postea
1632 3483 1773 3538 facta

164 3592 268 3650 est,
302 3591 354 3639 et
382 3583 644 3654 quidquid
673 3583 1028 3639 habebantin
1069 3591 1273 3652 monte,
1331 3581 1509 3636 eidem
1564 3580 1772 3636 cellulae

160 3680 563 3729 concesserunt.

236 3784 399 3840 Dedit
426 3783 589 3839 etiam
645 3783 770 3839 huic
814 3782 1056 3839 ecclesias
1105 3782 1350 3838 Albricus
1404 3781 1473 3838 de
1526 3780 1770 3852 Haynol-

160 3881 300 3937 villa
327 3896 422 3951 pro
460 3879 743 3936 animabus
798 3880 963 3951 patris
990 3879 1071 3933 sui
1130 3877 1445 3945 Framberti,
1479 3885 1534 3933 et
1587 3876 1773 3932 matris

161 3987 279 4027 suae
323 3968 510 4037 Dadze,
558 3976 613 4024 et
666 3968 844 4024 fratris
896 3968 979 4025 sui
1026 3967 1361 4037 Theoderici,
1412 3966 1502 4037 qui
1566 3965 1769 4022 ibidem

161 4076 358 4148 sepulti
394 4083 535 4143 sunt,
592 4075 934 4131 medietatem
992 4075 1153 4131 totius
1201 4073 1351 4129 fundi
1399 4090 1559 4144 quem
1618 4080 1771 4144 pater

165 4165 286 4235 ejus
312 4165 500 4221 habuit
524 4164 580 4219 in
608 4165 740 4219 villa
784 4164 1014 4231 Rossoil,
1072 4180 1195 4220 cum
1224 4179 1280 4219 tv
1336 4163 1556 4229 mansis,
1606 4179 1768 4218 man-

163 4254 464 4321 sionilibus,
515 4260 568 4309 et
614 4253 899 4309 dimidium
955 4253 1346 4319 molendinum,
1380 4268 1502 4309 cum
1557 4251 1769 4307 duobus

165 4352 474 4409 hominibus
501 4352 780 4419 Herberto,
842 4351 1100 4423 Seyardo,
1133 4359 1187 4406 et
1224 4351 1426 4405 femina
1478 4348 1763 4421 Wigerda,

165 4450 217 4498 et
247 4442 357 4497 fere
385 4441 517 4496 duas
545 4448 721 4511 partes
775 4440 925 4495 silvas
956 4456 1077 4511 quae
1134 4448 1212 4495 est
1257 4440 1313 4494 in
1369 4438 1585 4494 australi
1616 4445 1766 4509 parte

166 4529 404 4600 ejusdem
434 4530 650 4585 montis.
699 4529 974 4585 Walterus
1001 4529 1069 4584 de
1115 4529 1279 4584 Monh
1337 4527 1486 4582 dedit
1540 4534 1764 4598 quarta-

1960 2008 2235 2065 Widricus
2296 2016 2350 2064 et
2403 2008 2649 2064 Albricus
2702 2007 2772 2063 de
2825 2006 3159 2074 Paterniaco,
3229 2011 3495 2062 annuente

1892 2097 2083 2152 eodem
2115 2098 2363 2169 Hugone,
2405 2097 2668 2152 dederunt
2722 2095 2961 2151 funditus
3016 2094 3073 2149 in
3118 2094 3248 2151 villa
3301 2093 3492 2150 eadem

1890 2193 2149 2263 quidquid
2179 2194 2543 2264 possidebant,
2577 2202 2629 2248 et
2657 2193 2713 2247 in
2742 2193 3073 2262 Paterniaco,
3106 2207 3319 2248 servum
3357 2192 3493 2247 Har-

1889 2282 2108 2336 denum.
2141 2282 2403 2337 Rodulfus
2430 2282 2498 2336 de
2527 2282 2747 2337 Sorceio
2777 2289 2831 2337 et
2875 2296 3014 2335 uxor
3067 2280 3186 2349 ejus
3230 2279 3492 2335 dederunt

1888 2386 1965 2425 xu
2015 2370 2232 2443 jugera.
2286 2370 2490 2441 Drogo,
2551 2370 2830 2438 Rainerus,
2892 2369 3153 2424 Henricus
3198 2368 3389 2423 fratres
3432 2367 3490 2421 in

1888 2458 2017 2514 villa
2046 2459 2265 2529 Syonna
2294 2458 2556 2513 dederunt
2574 2474 2739 2512 unum
2769 2458 3119 2527 quartarium.
3147 2456 3304 2528 Apud
3323 2456 3489 2511 Munh

1884 2546 1942 2601 in
1999 2546 2210 2601 Estraes
2266 2547 2335 2602 ad
2374 2562 2612 2617 praesens
2652 2546 2813 2601 totius
2860 2545 3012 2600 fundi
3066 2546 3148 2601 sui
3193 2547 3299 2601 hoc
3331 2551 3489 2616 pacto

1889 2643 2254 2713 medietatem,
2284 2651 2343 2699 ut
2371 2644 2416 2698 si
2453 2644 2655 2714 absque
2694 2643 2952 2716 legitimis
2978 2642 3102 2699 ﬁliis
3141 2642 3210 2699 de
3237 2644 3338 2698 hac
3379 2642 3491 2698 vita

1889 2732 2229 2797 decesserint,
2261 2748 2385 2804 pars
2411 2732 2618 2803 reliqua
2644 2731 2879 2803 priorem
2907 2740 3176 2802 sequatur.
3206 2733 3273 2786 In
3297 2730 3489 2786 eadem

1890 2820 2018 2876 villa
2037 2820 2297 2876 Henricus
2334 2821 2613 2893 presbyter
2662 2820 2878 2877 vineam
2921 2836 3086 2875 unam
3116 2827 3172 2875 et
3195 2819 3490 2876 Malbertus

1889 2917 2148 2988 quidquid
2178 2918 2233 2972 in
2261 2919 2363 2972 hac
2390 2917 2519 2973 villa
2557 2917 2810 2973 habebat.
2851 2917 3046 2973 Addita
3073 2917 3175 2972 fuit
3227 2916 3391 2972 etiam
3419 2915 3490 2971 ad

1886 3023 2013 3061 usus
2040 3006 2262 3061 fratrum
2292 3006 2636 3078 dispensante
2690 3006 2913 3061 domino
2964 3006 3163 3062 abbate
3216 3006 3487 3075 Tiemaro,

1886 3095 2111 3150 ecclesia
2138 3093 2205 3149 de
2235 3095 2331 3163 Bu,
2361 3110 2523 3165 quam
2543 3094 2694 3149 dedit
2719 3094 3038 3149 Walfridus.
3095 3093 3367 3149 Allodium
3419 3093 3488 3148 de

1882 3183 2053 3251 Buris,
2086 3183 2231 3253 quod
2260 3182 2409 3238 dedit
2461 3182 2822 3254 Angilbertus.
2869 3183 3138 3239 Allodium
3185 3182 3255 3237 de
3309 3181 3488 3238 Lizei-

1801 3264 1851 3327 C
1882 3271 2032 3341 villa,
2091 3271 2236 3341 quod
2291 3270 2442 3327 dedit
2496 3272 2693 3327 Sancto
2740 3274 3019 3328 Mansueto
3076 3270 3369 3327 Morundus
3415 3270 3484 3328 de

1878 3371 2112 3440 Aquaso,
2145 3376 2200 3423 et
2226 3368 2541 3440 Rodulphus
2595 3369 2664 3425 de
2724 3369 3054 3425 Germineio.
3114 3369 3385 3425 Allodium
3414 3369 3484 3427 de

1878 3457 2192 3523 Allinivilla,
2250 3473 2374 3513 cum
2430 3458 2716 3529 mancipiis
2768 3458 3045 3528 utriusque
3104 3473 3286 3524 sexus,
3336 3458 3483 3527 quod

1878 3547 2027 3602 dedit
2057 3546 2330 3602 Widricus
2356 3545 2424 3601 de
2453 3546 2810 3602 Deusluwart.
2868 3546 3138 3603 Allodium
3196 3547 3266 3602 de
3300 3546 3479 3617 Lifou,

1879 3634 2024 3706 quod
2051 3634 2202 3691 dedit
2226 3634 2583 3691 Baldewinus.
2615 3634 2884 3690 Allodium
2901 3635 2969 3690 de
2990 3636 3135 3704 Sulz,
3170 3634 3316 3706 quod
3334 3634 3485 3691 dedit

1878 3725 2170 3779 Walterus.
2202 3723 2473 3779 Allodium
2501 3724 2570 3779 de
2598 3724 2948 3793 Seroltmunt,
2998 3724 3145 3795 quod
3174 3724 3323 3780 dedit
3375 3724 3483 3780 Ro-

1876 3812 2080 3880 bertus,
2112 3820 2165 3869 et
2192 3828 2334 3868 uxor
2396 3812 2516 3881 ejus
2562 3828 2670 3884 .pro
2697 3829 2757 3868 se
2812 3821 2865 3869 et
2911 3813 3198 3869 animabus
3254 3813 3482 3870 fratrum

1876 3926 2114 3966 suorum.
2146 3910 2301 3981 Apud
2330 3910 2621 3966 Marceium
2651 3918 2840 3981 quarta
2867 3927 2992 3983 pars
3019 3910 3202 3967 allodii
3228 3909 3481 3978 Widrici,

1877 4016 2040 4071 quam
2069 3999 2217 4054 dedit
2246 3999 2361 4070 ipse
2388 3999 2444 4053 in
2471 3999 2621 4055 omni
2650 4016 2748 4054 usu
2780 4014 2794 4067 ;
2847 3999 3055 4055 addidit
3107 3999 3327 4069 insuper
3360 4015 3483 4054 ser-

1876 4105 2005 4145 vum
2034 4095 2088 4143 et
2114 4087 2387 4153 ancillam,
2420 4104 2543 4141 cum
2571 4086 2696 4143 ﬁliis
2724 4094 2777 4143 et
2805 4082 2993 4144 fundo.
3024 4087 3293 4143 Allodium
3334 4087 3480 4157 quod

1875 4176 2025 4232 dedit
2054 4175 2337 4232 Odelricus
2364 4175 2433 4232 de
2461 4177 2627 4232 Munh
2658 4183 2712 4232 et
2739 4192 2878 4234 uxor
2909 4176 3046 4248 ejus,
3074 4176 3229 4250 {apud
3256 4178 3474 4234 Bunne-

1874 4283 2044 4331 court.

1941 4382 2056 4438 Nos
2083 4397 2212 4438 vero
2240 4380 2310 4437 de
2340 4381 2624 4452 temporali
2678 4381 2840 4452 hujus
2892 4382 3134 4438 ecclesias
3177 4390 3474 4454 cremento,

1871 4478 1924 4526 et
1952 4470 2189 4525 maxime
2228 4470 2295 4525 de
2323 4469 2586 4541 spirituali
2614 4471 2903 4527 multorum
2924 4480 3184 4542 provectu
3202 4472 3476 4545 gratulan-

1871 4567 1969 4625 tes,
1999 4559 2233 4614 libertati
2262 4559 2484 4614 fratrum
2516 4567 2571 4615 et
2623 4558 2789 4629 quieti
2816 4560 2872 4614 in
2920 4568 3193 4631 posterum
3249 4561 3470 4632 prospi-

164 4620 301 4718 Γίυφ
333 4626 503 4718 wfmf
554 4626 607 4673 et
662 4618 898 4718 “Phi?”
952 4626 1131 4718 (ξιξηθδ
1186 4632 1530 4718 ωθηδθδιῂξθ
1555 4616 1761 4718 Ευξδξδ
1788 4627 1842 4689 D
1870 4648 2089 4715 cientes,
2121 4655 2179 4702 ut
2205 4662 2422 4703 omnem
2462 4616 2877 4703 sollicitudinem
2906 4616 2985 4702 eis
3032 4616 3270 4718 penitus‘
3292 4616 3470 4704 absci-

167 4715 289 4763 sunt
314 4722 352 4762 ιι
380 4707 555 4763 fontes
583 4707 701 4762 usui
730 4708 872 4763 villae
903 4706 1061 4763 valde
1090 4705 1398 4762 necessarii.
1437 4706 1504 4760 Et
1555 4705 1758 4761 Tebal-

166 4809 290 4865 dum
311 4825 430 4866 cum
462 4825 631 4864 uxore
664 4817 717 4864 et
744 4807 885 4877 ﬁliis,
917 4824 1040 4863 cum
1072 4807 1237 4863 fundo
1291 4806 1532 4877 proprio,
1590 4823 1757 4876 usque

165 4897 233 4953 ad
285 4914 357 4953 ιι
405 4897 620 4971 jugera.
697 4898 881 4952 Frater
937 4896 1053 4966 ejus
1114 4898 1321 4967 Haymo
1376 4895 1584 4951 addidit
1634 4895 1759 4950 huic

165 4986 304 5044 dono
332 5003 351 5042 ι
378 4986 729 5058 quartarium,
762 4994 815 5043 et
846 4984 1171 5042 Richardum
1201 5002 1325 5041 cum
1355 4985 1575 5040 allodio.

235 5094 493 5149 Praeterea
519 5092 744 5149 contulit
771 5092 894 5148 huic
914 5092 1035 5149 loco
1064 5091 1295 5149 domnus
1323 5091 1569 5147 Albricus
1588 5091 1759 5147 abbas

169 5189 416 5261 quidquid
442 5206 626 5246 comes
665 5190 876 5260 Haymo
904 5191 1067 5246 Beato
1122 5192 1399 5246 Mansuete
1454 5189 1511 5244 in
1565 5189 1756 5246 eadem

169 5277 291 5335 villa
340 5279 579 5348 dederat,
621 5277 873 5335 videlicet
916 5278 1259 5335 medietatem
1308 5279 1640 5335 decimarum
1704 5285 1759 5334 et

169 5367 467 5439 Drogonem
540 5383 665 5424 cum
722 5367 912 5436 fundo,
978 5383 1203 5424 uxorem
1267 5376 1447 5424 autem
1522 5367 1641 5438 ejus
1704 5375 1759 5423 et

172 5450 317 5509 ﬁlios.
347 5451 649 5524 Conjugem
670 5451 927 5507 Bernardi
954 5450 1049 5507 ﬁlii
1080 5451 1196 5522 ejus
1214 5452 1361 5509 dedit
1387 5468 1571 5509 comes
1589 5452 1756 5507 Hum-

170 5538 339 5596 bertus
364 5540 431 5596 de
470 5539 829 5597 Claromonte.

239 5642 498 5699 Gerardus
523 5642 592 5698 de
620 5643 887 5699 Corcelles
913 5644 1063 5700 dedit
1111 5644 1269 5700 beato
1314 5644 1517 5701 Jacobo
1544 5646 1599 5700 in
1628 5644 1758 5700 villa

176 5740 376 5812 Syonna
410 5748 618 5798 curtum
648 5757 915 5812 mansum,
974 5743 1031 5797 in
1086 5758 1192 5814 quo
1250 5750 1330 5798 est
1385 5742 1754 5800 molendinum

178 5830 309 5900 quod
334 5837 551 5887 vocatur
580 5830 885 5898 Atalenum,
916 5839 969 5888 et
1015 5830 1238 5903 quiquid
1292 5831 1476 5889 allodii
1521 5831 1757 5888 habebat

176 5917 228 5973 in
252 5919 431 5976 eadem
460 5918 608 5989 villa,
640 5920 697 5975 in
734 5935 841 5991 qua
868 5920 1027 5976 Hatto
1057 5927 1110 5977 et
1145 5935 1282 5978 uxor
1321 5920 1440 5992 ejus
1494 5920 1758 5977 dederunt

1865 4746 2135 4814 daremus,
2165 4745 2333 4801 altare
2359 4745 2528 4800 sancti
2559 4744 2817 4800 Germani
2845 4744 2914 4799 de
2965 4744 3203 4816 Syonna,
3252 4760 3454 4803 censen

1863 4835 2045 4901 tiente,
2077 4841 2131 4890 et
2158 4834 2408 4889 laudante
2436 4832 2667 4904 Riquino
2695 4832 3092 4901 archidiacono,
3141 4841 3197 4889 et
3225 4835 3456 4907 Hugone

1865 4934 2195 5005 presbytero,
2218 4932 2310 5003 qui
2341 4940 2465 4987 tunc
2491 4932 2658 4987 altare
2712 4931 2964 4997 habebat,
2996 4934 3098 4989 hac
3149 4932 3457 4989 conditione

1863 5022 2226 5079 concessimus
2253 5029 2328 5089 ut,
2361 5020 2600 5091 quandiu
2638 5020 2913 5092 presbyter
2956 5020 3179 5091 viveret,
3209 5038 3265 5076 v1
3292 5022 3467 5078 dena-

1863 5121 1974 5177 rios
2002 5121 2127 5176 inde
2158 5120 2523 5193 persolveret;
2556 5128 2677 5190 post
2704 5119 2821 5189 ejus
2857 5127 3086 5175 mortem
3117 5136 3215 5192 per
3241 5135 3463 5177 manum

1864 5219 2078 5275 abbatis
2122 5217 2519 5290 disponendum
2574 5216 2691 5273 sine
2744 5218 3111 5274 controversia
3178 5218 3461 5278 ecclesiam

1866 5317 2181 5391 possideret.

1933 5431 2194 5488 Dedimus
2214 5431 2375 5487 etiam
2405 5430 2692 5487 Warinum
2712 5438 2766 5486 et
2787 5447 3012 5488 uxorem
3041 5431 3161 5503 ejus
3186 5440 3459 5506 receptam

1865 5547 1898 5587 a
1932 5529 2175 5599 Joffrido,
2206 5529 2274 5585 de
2304 5528 2459 5599 cujus
2488 5537 2602 5584 erat
2656 5528 2951 5586 beneﬁciis.
2982 5530 3053 5587 Ut
3107 5538 3285 5587 autem
3342 5534 3461 5590 hac

1864 5627 2012 5683 nulla
2041 5634 2298 5683 vetustate
2348 5625 2567 5692 abolita,
2613 5626 2670 5681 in
2715 5626 3055 5698 praesentiam
3111 5637 3381 5696 revocata,
3414 5630 3462 5685 si

1864 5741 1999 5796 opus
2029 5723 2205 5792 fuerit,
2237 5725 2475 5779 humana
2502 5722 2697 5793 posssit
2723 5723 2964 5779 invocari
2984 5725 3271 5781 memoria.
3294 5767 3306 5780 .
3329 5767 3342 5780 .
3365 5767 3377 5779 .
3401 5767 3413 5781 .
3436 5767 3450 5781 .

1862 5822 2060 5894 scripto
2088 5820 2484 5888 mandavimus,
2516 5827 2573 5876 ut
2600 5821 2842 5877 omnium
2872 5822 3250 5879 oblatrantium
3280 5830 3465 5880 nostra

1864 5919 2178 5977 auctoritate
2207 5917 2492 5977 temeraria
2528 5920 2853 5978 obtundatur
2877 5919 3198 5992 improbitas
3224 5921 3459 5993 pmpriae
