3882 6442
437 414 537 469 439

1563 407 1771 464 PIBON
1778 407 1840 464 IS
1878 404 2203 463 EPISCOPI
2237 405 2583 463 TULLESIS

3656 395 3779 451 sto

433 535 692 609 imaginis
715 535 1075 608 impressione
1107 533 1409 609 signemus.
1445 533 1504 591 Si
1551 533 1673 606 quis
1700 533 1770 588 de
1797 531 1884 587 his
1910 548 2031 605 qum
2058 532 2114 594 Α
2142 531 2427 589 ecclesiam
2473 529 2655 600 coepit,
2701 536 2753 584 et
2799 528 3028 585 honeste
3061 525 3209 583 sicut
3250 523 3450 592 decuit,
3500 526 3779 592 emptum

430 627 542 697 jam
575 626 882 698 acquisivit,
914 626 1000 681 vel
1033 641 1156 696 quae
1185 624 1363 680 adhuc
1391 623 1627 680 ecclesia
1654 622 1756 677 ista
1780 622 1926 692 juste
1954 637 2044 678 ac-

439 715 705 787 quisierit,
741 714 1060 769 imminuere
1099 713 1402 778 tentaVerit,
1435 713 1505 767 ab
1534 713 1685 768 omni
1736 726 2047 784 congrega-

437 811 586 865 tione
614 808 917 864 Christiana
940 816 1205 864 remotum
1227 823 1350 864 esse
1362 807 1751 879 prmcipimus;
1785 821 1957 879 usque
1976 806 2048 860 ad

440 899 663 972 dignam
686 897 1132 964 satisfactionem,
1154 897 1519 952 anathematis
1540 896 1758 952 vinculo
1783 894 2048 950 innexum

441 1002 568 1044 esse
581 1003 646 1044 eo
669 1003 775 1060 quo
789 1003 1083 1059 possumus
1103 993 1157 1041 et
1176 986 1441 1042 debemus
1460 986 1643 1059 rigore
1663 984 2044 1052 decernimus;

442 1093 632 1142 nostro
663 1093 716 1141 et
752 1083 1124 1156 probabilium
1167 1084 1408 1140 virorum
1438 1083 1531 1157 qui
1567 1081 1857 1154 aﬂ'uerunt,
1888 1081 2046 1139 testi-

443 1175 626 1231 monio
657 1173 967 1245 subscripto
995 1172 1347 1229 roboramus.

514 1264 743 1336 Signum
773 1261 992 1319 Pibonis
1020 1261 1291 1333 episcopi.

513 1353 643 1425 Sign
656 1394 669 1407 .
703 1351 921 1423 Riquini
943 1349 1338 1407 archidiaconi.

522 1438 677 1510 Sign.
701 1436 989 1493 Alheronis
1007 1433 1347 1492 cancellarii.

522 1528 678 1599 Sign.
706 1524 953 1581 Herberti
975 1524 1196 1580 decani.

522 1616 678 1690 Sign.
713 1614 962 1688 Hugonis
988 1612 1317 1686 presbyteri.

522 1715 678 1788 Sign.
708 1711 941 1768 Bosonis
970 1709 1304 1783 presbyteri.

521 1803 681 1875 Sign.
719 1800 909 1857 Desini
936 1799 1268 1873 presbyteri,
1284 1797 1378 1872 qui
1406 1797 1572 1855 etiam
1600 1796 1723 1856 huic
1745 1797 1995 1856 ecclesias
2009 1814 2051 1855 ιι

449 1901 605 1968 prata
636 1890 884 1949 contulit.

524 1992 686 2065 Sign.
726 1987 968 2057 Milonis,
1018 1987 1088 2044 de
1118 1987 1274 2058 cujus
1302 1984 1575 2044 beneﬂcio
1604 1990 1727 2044 erat
1762 2002 1923 2045 mons
1949 2004 2048 2044 su-

451 2080 749 2154 pradictus.

520 2170 677 2243 Sign.
711 2165 952 2224 Odelrici
982 2165 1053 2221 de
1079 2164 1308 2221 Briseio.

520 2260 679 2330 Sign.
710 2254 949 2311 Walteri
962 2259 1015 2311 et
1045 2254 1341 2327 Haymonis
1370 2252 1617 2310 fratrum.

524 2348 678 2420 Sigu.
712 2344 1011 2401 Cuononis.

521 2438 683 2508 Sign.
721 2433 949 2491 Albrici.

523 2526 680 2598 Sign.
710 2522 957 2594 Hugonis
970 2561 984 2575 .

526 2615 682 2688 Sign.
715 2610 996 2683 Drogonis
1008 2651 1022 2664 .

524 2705 679 2777 Sign.
709 2701 897 2759 domui
924 2697 1161 2755 Tiemari
1183 2697 1397 2754 abbatis
1426 2698 1613 2755 Sancti
1637 2696 1923 2755 Mansueti.

528 2794 689 2867 Sign.
728 2789 961 2847 Widrici
989 2787 1206 2844 abbatis
1237 2787 1425 2844 Sancti
1449 2786 1603 2859 Apri.

527 2890 683 2959 Sign.
716 2885 962 2958 Hugonis
989 2882 1311 2957 primicerii.

525 2978 683 3052 Sign.
712 2974 988 3047 Lintulphi
1027 2972 1242 3031 decani.

525 3068 681 3140 Sign.
712 3063 1025 3122 Alberonis.

524 3157 679 3228 Sign.
711 3152 992 3226 Stephani.

526 3246 688 3320 Sign.
726 3242 1000 3317 Hugonis.

528 3336 685 3409 Sign.
716 3331 1004 3390 Thiebaldi
1023 3328 1306 3388 monachi.

522 3434 687 3488 Anno
716 3430 786 3486 ab
812 3428 1199 3486 lucet-natione
1223 3425 1446 3483 Domini
1470 3426 1631 3493 1097,
1662 3424 1963 3482 indictione
1993 3441 2054 3494 ν,

452 3528 742 3595 epactatv,
775 3526 1134 3575 concurrente
1164 3531 1246 3586 ιιι,
1279 3516 1406 3570 luna
1455 3530 1530 3580 χι,
1561 3531 1619 3569 ιν
1648 3514 1777 3570 ldus
1833 3514 2057 3586 Aprilis,

448 3618 671 3685 peracta
697 3617 823 3664 sunt
850 3610 966 3664 hac
994 3607 1051 3662 in
1077 3604 1321 3661 Tullensi
1370 3603 1526 3670 sede,
1556 3602 1614 3658 in
1645 3603 1885 3659 ecclesia
1941 3619 2061 3659 ma-

446 3702 589 3772 jore,
621 3698 875 3755 audiente
905 3704 959 3752 et
986 3695 1209 3751 vidente
1239 3693 1403 3749 Clero
1432 3708 1560 3750 cum
1581 3692 1853 3750 universa
1880 3692 2060 3749 multi-

451 3788 637 3846 tudine
664 3786 860 3861 plebis,
893 3784 1148 3842 feliciter.
1178 3784 1388 3838 Amen.

1204 3934 1332 3990 XII.

697 4045 979 4106 Fundatio
1004 4043 1300 4117 priorum:
1334 4042 1401 4098 de
1430 4041 1808 4099 Landecourt.

977 4150 1160 4223 (Circa
1185 4164 1387 4205 annum
1418 4148 1606 4220 1100.)

755 4259 915 4333 [Dom
947 4258 1198 4324 Camer,
1231 4255 1401 4322 ibid.,
1436 4254 1549 4312 col.
1601 4253 1763 4327 513.]

524 4370 647 4438 Ego
677 4368 808 4423 Piso
838 4365 1018 4440 gratia
1047 4363 1166 4427 Dei,
1209 4362 1484 4418 Tullensis
1512 4361 1777 4418 Ecclesiae
1813 4361 2064 4417 minister

451 4460 731 4532 indignus,
764 4454 1019 4512 omnibus
1044 4461 1249 4509 sancta:
1277 4452 1469 4507 matris
1497 4451 1747 4508 ecclesiae
1776 4449 1902 4505 ﬁiiis
1950 4460 2063 4507 tam

453 4546 818 4622 praesentibus
864 4559 1032 4617 quam
1082 4541 1298 4609 futuris,
1337 4541 1564 4597 salutem
1603 4540 1659 4595 in
1676 4540 1890 4596 Christo
1927 4556 2052 4612 per-

494 4647 690 4696 etuam.

494 4656 690 4696 etuam.

453 4656 490 4712 ρ
523 4727 798 4786 Omnibus
824 4725 879 4781 in
910 4724 1074 4780 domo
1104 4721 1204 4778 Dei
1247 4719 1530 4794 pastorale
1585 4718 1820 4776 ofﬁcium
1879 4718 2060 4776 admi~

452 4827 828 4897 nistrantibus,
860 4825 917 4880 in
945 4821 1325 4880 construendis
1351 4817 1598 4875 basilicis
1627 4825 1681 4875 et
1709 4833 1902 4873 earum
1933 4833 2056 4874 am-

453 4929 691 5002 pliandis
747 4934 800 4981 et
855 4920 1254 4981 conservandis
1317 4918 1485 4974 rebus
1540 4918 1822 4989 praecipua
1880 4917 2063 4974 inesse

456 5012 629 5076 debet
650 5015 933 5082 sedulitas,
967 5020 1021 5068 et
1048 5011 1096 5066 si
1125 5010 1246 5082 quis
1274 5008 1536 5064 laicorum
1565 5008 1760 5062 eodem
1792 5007 2065 5063 exarserit

457 5108 752 5177 desiderio,
784 5118 974 5161 eorum
991 5100 1155 5157 debet
1173 5098 1379 5171 ubique
1408 5096 1583 5153 fulciri
1612 5095 1839 5153 auxilio.
1861 5098 2063 5153 Notum

458 5208 643 5282 itaque
696 5212 900 5263 vestrae
958 5200 1015 5255 in
1061 5196 1282 5255 Christo
1339 5194 1672 5251 fraternitati
1695 5193 1947 5263 facimus,
2008 5202 2064 5251 et

460 5299 703 5354 omnium
731 5300 973 5351 vestrum
1012 5287 1287 5345 memoriae
1315 5285 1657 5351 mandamus,
1706 5284 1849 5357 quod
1879 5284 2066 5341 domi-

460 5412 564 5453 nus
590 5392 912 5451 Benceliuus
940 5394 1131 5445 noster
1157 5384 1516 5444 charissimus
1563 5382 1773 5439 amicus
1828 5382 2063 5440 Jeroso-

462 5492 609 5566 lgma
628 5490 867 5557 rediens,
900 5504 934 5543 a
952 5486 1177 5543 domino
1206 5482 1455 5540 Paschali
1479 5498 1617 5554 papa
1647 5480 1953 5538 libertatem
1974 5497 2065 5539 cu-

457 5580 686 5650 jusdam
713 5576 961 5635 ecclesiae
989 5575 1102 5632 suis
1140 5573 1394 5647 precibus
1450 5573 1838 5643 impetraverit,
1898 5587 2064 5644 quam

458 5668 553 5727 illo
581 5671 675 5726 die
706 5666 943 5723 nondum
972 5671 1365 5732 construxerat,
1401 5662 1497 5718 sed
1527 5662 1583 5716 in
1613 5661 1796 5718 animo
1838 5662 2062 5731 jamdu-

458 5756 589 5815 dum
632 5755 906 5814 zedificare
961 5754 1384 5810 deliberaverat.
1455 5752 1725 5807 Reversus
1783 5759 1967 5805 autem
1994 5751 2060 5805 ad

462 5848 705 5919 prOpria,
741 5852 795 5899 et
820 5856 1038 5915 prospei
1053 5843 1100 5897 is
1130 5850 1295 5896 utens
1331 5840 1696 5906 successibus,
1730 5838 2064 5896 desiderium

464 5948 570 6005 quo
601 5933 814 5992 calebat
832 5932 995 5997 intus,
1029 5928 1261 5988 exterius
1289 5928 1518 6002 aperuit,
1551 5926 1821 5985 aediﬁcare
1849 5927 2063 5986 scilicet

2094 3255 2144 3319 C

2088 4626 2141 4686 D

2153 637 2291 693 opus
2321 636 2496 692 usque
2525 620 2592 674 ad
2623 618 2787 674 finem
2812 616 3100 689 perduxit;
3131 631 3295 687 quam
3310 611 3682 676 aediﬁcatam,
3718 614 3779 663 et

2154 711 2374 782 optimis
2402 709 2677 764 thesauris
2706 708 3020 764 decoratam
3038 747 3052 771 ,
3080 713 3133 761 et
3161 721 3193 759 ει
3223 703 3382 761 nobis
3412 702 3485 772 lin
3551 701 3785 755 honore

2154 798 2257 854 Dei
2288 795 2605 864 Genitricis,
2638 794 2920 866 sanctique
2971 791 3304 864 Sigismundi
3335 785 3576 863 gloriosi
3607 799 3779 839 mar—

2155 895 2292 967 tyris
2320 892 2540 959 Christi,
2565 907 2780 948 necnon
2820 889 2965 946 beati
3002 888 3216 946 Nicolai
3261 883 3608 943 confessoris
3637 896 3781 937 con-

2154 992 2426 1040 secratam
2456 990 2510 1038 et
2545 981 2854 1047 delicatam,
2912 980 3027 1034 Deo
3074 985 3131 1033 et
3188 978 3251 1033 S.
3300 978 3449 1046 Apro
3522 972 3780 1041 ejusque

2156 1066 2525 1125 servientibus
2554 1064 2797 1131 tradidit,
2827 1071 2882 1119 et
2923 1064 2993 1118 ad
3023 1076 3267 1134 praesens
3294 1059 3487 1114 fratres
3518 1054 3668 1112 inibi
3700 1052 3781 1108 ad

2156 1159 2274 1215 Deo
2303 1155 2671 1221 serviendum,
2732 1152 3022 1210 constituta
3079 1150 3159 1206 eis
3213 1162 3444 1213 annona,
3476 1160 3595 1217 qua
3645 1142 3780 1198 sine

2154 1245 2412 1318 scrupulo
2443 1245 2737 1312 alerentur,
2779 1240 3083 1299 constituit.
3130 1238 3294 1308 Cujus
3330 1251 3437 1310 ego
3476 1235 3629 1290 bona
3678 1231 3778 1286 in-

2156 1335 2397 1393 tentione
2426 1338 2727 1407 permotus,
2756 1332 2983 1403 ejusque
3008 1327 3266 1401 precibus
3285 1326 3514 1391 evictus,
3536 1326 3609 1377 'et
3639 1319 3779 1392 quia

2160 1423 2332 1482 ﬁlium
2362 1425 2481 1494 ejus
2510 1423 2579 1479 de
2609 1436 2771 1478 sacro
2802 1419 2948 1476 fonte
2975 1417 3213 1488 suscepi,
3264 1412 3491 1472 consilio
3520 1410 3779 1467 clerico-

2158 1529 2286 1570 rum
2316 1526 2596 1577 meorum,
2620 1512 2711 1583 qui
2759 1508 2997 1565 sanioris
3054 1506 3310 1563 videntur
3338 1518 3463 1560 esse
3517 1497 3774 1563 consilii,

2157 1611 2472 1669 auctoritate
2500 1619 2554 1667 et
2589 1616 2857 1682 pracepto
2875 1602 3233 1678 magistrimei
3252 1598 3465 1658 Domini
3480 1592 3778 1652 Paschalis

2159 1736 2337 1792 papae,
2372 1726 2428 1774 et
2457 1725 2644 1774 nostra
2672 1714 2997 1785 Dominique
3016 1709 3186 1766 nostri
3202 1709 3231 1765 J
3239 1724 3336 1763 esu
3356 1701 3580 1767 Christi,
3609 1699 3776 1792 prin-

2159 1788 2303 1880 cipio
2331 1807 2618 1864 ecclesiam
2647 1805 2953 1871 illam,cum
2982 1800 3236 1858 omnibus
3261 1796 3375 1852 suis
3402 1788 3775 1880 appenditiis,

2080 1893 2135 1957 B
2164 1876 2288 1954 esse
2316 1897 2372 1951 in
2403 1903 2729 1968 perpetuum
2781 1893 3030 1958 liberam,
3067 1890 3185 1945 sine
3235 1900 3421 1951 censu,
3454 1883 3578 1937 sine
3610 1876 3777 1935 omni

2166 1985 2589 2052 consuetudine,
2647 1998 2827 2053 neque
2884 1978 3292 2041 archidiacono,
3338 1986 3515 2045 neque
3555 1969 3779 2024 decano

2162 2092 2287 2132 esse
2341 2074 2663 2142 subjectum,
2705 2072 2776 2127 ad
2832 2069 3034 2126 nullam
3089 2065 3309 2123 omnino
3360 2057 3771 2132 respicientem,

2161 2172 2267 2229 nisi
2296 2173 2364 2227 ad
2396 2171 2580 2228 Sancti
2606 2170 2756 2241 Apri,
2776 2168 2931 2239 cujus
2961 2166 3136 2222 libera
3163 2171 3264 2233 est,
3285 2158 3597 2218 ecclesiam.
3615 2156 3771 2210 Prae-

2161 2268 2316 2319 terea
2337 2261 2506 2330 jubeo
2544 2259 2865 2314 auctoritate
2908 2271 3019 2329 qua
3072 2253 3270 2318 debeo,
3297 2258 3352 2306 et
3406 2247 3618 2303 ratione
3661 2257 3771 2330 qua

2161 2325 2354 2416 valeo;
2375 2349 2674 2405 monachos
2703 2346 2793 2419 qui
2824 2345 2896 2401 ibi
2926 2325 3043 2400 Deo
3059 2340 3361 2405 servierint,
3392 2352 3493 2409 pro
3520 2325 3771 2406 qualibe‘

2165 2438 2421 2496 violentia
2449 2438 2587 2493 infra
2616 2451 2810 2493 eorum
2838 2434 3056 2499 atrium,
3086 2432 3205 2487 sive
3232 2430 3287 2484 in
3315 2428 3431 2498 ipsa
3467 2422 3714 2480 ecclesia
3738 2433 3771 2475 ιι

2163 2528 2406 2602 quolibet
2436 2527 2593 2597 facta,
2624 2538 2905 2597 nunquam
2946 2523 3016 2578 ab
3045 2519 3224 2578 cilicio
3268 2516 3455 2573 divino
3521 2524 3769 2576 cessate,

2163 2625 2269 2680 nisi
2297 2623 2413 2681 sola
2441 2622 2755 2681 obedientia
2783 2619 2994 2676 abbatis
3024 2617 3133 2674 sui.
3179 2615 3362 2685 Quare
3389 2605 3771 2683 approbatissi-

2163 2730 2375 2770 morum
2413 2720 2725 2769 nostrorum
2754 2709 2983 2767 consilio
3010 2722 3162 2773 usus,
3203 2702 3459 2776 ligamine
3519 2696 3769 2753 indisso-

2164 2802 2322 2860 lubili
2375 2810 2639 2874 perpetuo
2694 2800 3040 2855 anathemate
3094 2794 3401 2868 obligemus
3455 2786 3770 2860 quicunque

2165 2899 2351 2949 mente
2372 2873 2654 2961 excessus,
2687 2890 2912 2946 demere
2931 2887 3232 2943 libertatem
3253 2879 3492 2955 praefata
3510 2873 3767 2933 ecclesiis

2168 2988 2422 3056 voluerit,
2457 2988 2837 3059 cujuscunque
2866 2984 2937 3039 sit
2982 2980 3188 3039 ordinis
3216 2986 3308 3035 aut
3343 2970 3648 3048 dignitatis.
3685 2968 3768 3059 nd

2169 3077 2601 3135 confirmandam
2632 3058 2794 3132 etiam
2823 3071 2992 3145 hujus
3020 3070 3102 3127 rei
3146 3067 3413 3132 notitiam,
3444 3068 3614 3118 testes
3644 3058 3770 3114 ido-

2171 3182 2307 3224 neos
2334 3166 2679 3232 adhibemus,
2711 3177 2942 3236 quorum
2985 3158 3203 3216 nomina
3231 3155 3416 3212 subter
3467 3147 3770 3207 inscribere

2172 3256 2402 3330 dignum
2432 3256 2684 3312 duximus
2704 3271 2719 3309 :

2236 3353 2495 3410 Ricuinus
2522 3349 2890 3424 primicerius.

2238 3444 2548 3514 Stephanus
2587 3438 3036 3495 archidiaconus.

2238 3534 2399 3604 Hugo
2429 3530 2645 3587 calvus.

2237 3624 2553 3677 'l‘hiemarns
2583 3619 2758 3674 abbas
2787 3614 2974 3672 Sancti
3002 3609 3290 3671 Mansueti.

2239 3708 2605 3782 Bereugerius
2633 3707 2895 3763 decanos.

2238 3796 2544 3853 Wall'ridus
2573 3796 2643 3852 de
2686 3792 2928 3851 Roseriis
2941 3833 2955 3847 .

2242 3887 2524 3943 Walterus
2553 3885 2721 3941 frater
2748 3899 2905 3939 suus.

2240 3977 2494 4050 Paganus
2523 3974 2593 4030 de
2622 3974 2818 4029 Sancto
2846 3970 3145 4027 Germano.

2241 4064 2568 4123 Siccbardus
2597 4063 2667 4119 de
2700 4059 2963 4117 Paureio.

2236 4153 2606 4210 Theodericus
2635 4152 2705 4208 de
2732 4149 2935 4207 Jorcei.

2241 4243 2547 4301 Richardus
2576 4242 2646 4299 de
2665 4238 2927 4314 EpiscOpi
2948 4235 3161 4297 villare.

2883 4381 3013 4436 ΧΙΙΙ
3026 4421 3041 4435 .

2171 4484 2383 4541 Charta
2401 4482 2629 4540 Pibonis
2667 4480 2913 4555 episcopi
2945 4477 3225 4535 Tullensis
3257 4471 3321 4530 de
3351 4466 3753 4529 consecratione

2698 4587 2950 4646 ecclesiae
2969 4586 3035 4642 de
3056 4586 3244 4641 Porto.

2793 4697 2975 4766 (Anno
3017 4689 3176 4763 1101)

2590 4803 2772 4877 [GalL
2810 4802 3018 4859 Christ.
3050 4799 3198 4864 xm,
3235 4792 3384 4866 431.]

2236 4915 2297 4968 In
2324 4912 2562 4969 nomine
2591 4918 2796 4967 sanctas
2844 4916 2894 4965 et
2925 4905 3219 4963 individua:
3253 4898 3550 4963 Trinitatis,
3593 4890 3746 4953 Patris

2172 5011 2225 5058 et
2253 5002 2397 5069 Filii,
2425 5010 2480 5057 et
2508 5000 2742 5072 Spiritus
2782 4998 2973 5065 sancti,
3007 4995 3260 5053 omnibus
3289 4987 3606 5048 Christianae
3630 4985 3741 5042 fidei

2171 5101 2491 5170 cultoribus,
2530 5102 2655 5158 Piso
2688 5098 2867 5173 gratia
2919 5097 3015 5153 Dei
3044 5092 3316 5150 Tullensis
3344 5087 3598 5146 Ecclesia:
3638 5086 3742 5157 epi-

2174 5207 2392 5264 scopus,
2427 5192 2479 5246 in
2512 5189 2730 5246 vinculo
2759 5188 2909 5261 pacis
2939 5185 3101 5251 uniri,
3132 5190 3190 5239 ut
3218 5180 3426 5254 possint
3453 5177 3649 5234 Christo
3676 5175 3747 5230 in-

2181 5280 2484 5353 corporari.
2528 5281 2901 5350 Supernorum
2930 5274 3131 5332 civium
3190 5271 3444 5331 societas.
3476 5273 3597 5339 quot
3642 5264 3744 5337 qui-

2178 5370 2394 5444 busque
2419 5366 2902 5427 commoditatibus
2931 5363 3194 5420 exuberet
3222 5357 3443 5415 humani
3471 5354 3657 5427 ingenii
3680 5353 3743 5407 fa-

2176 5442 2349 5518 cultas
2380 5458 2633 5516 evolvere
2687 5457 2931 5529 gestiens
2981 5449 3308 5514 succumbit,
3356 5461 3478 5504 cum
3521 5442 3742 5515 scriptum

2176 5556 2234 5612 fit
2269 5573 2280 5613 :
2315 5558 2379 5613 In
2412 5574 2509 5614 cor
2551 5557 2797 5613 hominis
2835 5568 2951 5609 non
2990 5549 3247 5607 ascendit
3292 5561 3413 5617 quae
3444 5542 3743 5616 prwparavit

2174 5649 2318 5705 Deus
2358 5646 2728 5717 diligentibus
2786 5659 2864 5713 se,
2911 5642 2977 5696 ad
3027 5654 3190 5712 quam
3221 5634 3486 5691 variarum
3518 5630 3742 5705 gradibus

2173 5746 2433 5804 virtutum
2462 5744 2735 5801 devotioni
2768 5741 3005 5798 ﬁdelium
3048 5736 3225 5794 facilis
3256 5740 3402 5806 patet
3434 5745 3741 5804 progressus,

2172 5836 2395 5891 veritate
2410 5842 2694 5891 attestante
2715 5849 2838 5906 quas
2854 5831 2960 5888 ait:
2995 5832 3200 5901 Iugum
3228 5826 3381 5882 enim
3403 5836 3585 5877 mrum
3603 5836 3742 5876 suave

2171 5928 2257 5981 εει
2275 5929 2332 5983 et
2355 5941 2499 5983 onus
2532 5936 2721 5983 meum
2755 5923 2901 5990 leve;
2958 5917 3055 5976 sed
3085 5912 3363 5975 charitatis
3392 5911 3578 5979 virtus,
3606 5912 3732 5979 cujus
