3882 6406
440 389 539 447 Ηό
1324 390 1609 448 PIBONIS
1642 391 1963 449 EPISCOPI
1994 391 2378 453 TULLENSIS
2416 396 2847 455 DIPLOMATA.

3642 401 3744 461 ιιι

435 512 617 570 omnia
632 529 758 571 mea
779 512 1115 580 auctoritate,
1134 521 1186 571 et
1207 529 1438 571 assensu
1478 517 1641 573 totius
1676 516 1813 574 cleri
1852 526 1905 574 et
1934 534 2033 591 ρο·
2061 515 2121 581 Α
2149 518 2321 592 ipsius
2349 523 2736 594 praepositum
2773 523 3105 582 cardinalem
3133 524 3631 584 archidiaconatum
3650 526 3745 583 ob-

435 603 549 675 puli
579 604 635 658 in
665 604 941 661 evidentia
970 605 1254 678 generalis
1283 606 1478 676 synodi
1508 606 1857 665 conﬁrmavi.

506 701 704 756 Notum
738 702 903 774 igitur
921 702 990 756 sit
1028 702 1300 769 omnibus,
1327 711 1435 758 tam
1469 705 1836 775 praesentibus
1873 719 2038 776 quam

437 789 598 847 futuri
628 791 813 848 saeculi
843 789 1111 856 ﬁdelibus,
1147 793 1445 848 ecclesiam
1486 794 1677 850 Sancti
1722 793 2035 867 Gengulphi

435 897 581 945 certo
602 889 729 958 jure
760 897 811 944 et
837 890 1041 961 absque
1095 890 1204 944 ulla
1253 891 1691 948 contradictione
1744 893 1862 948 haec
1912 907 2039 963 qua:

436 977 639 1048 scripta
667 986 791 1032 sunt
819 978 1109 1049 possidere
1144 997 1155 1033 :
1192 978 1423 1035 Omnem
1456 989 1662 1036 terram
1693 996 1812 1053 quae
1859 988 1942 1036 est
1982 980 2034 1034 in

434 1075 564 1132 villa
593 1077 824 1132 Bosonis
848 1077 1067 1144 montis,
1100 1094 1222 1133 cum
1252 1080 1598 1150 appenditiis,
1624 1084 1823 1135 etcum
1852 1079 2036 1135 eccle-

432 1165 513 1219 sia
542 1164 754 1237 integra
784 1165 969 1222 Sancti
1011 1165 1240 1239 Georgii
1273 1186 1286 1234 ;
1340 1168 1636 1225 ecclesiam
1686 1167 2035 1236 Travillonis,

433 1262 723 1319 ecclesiam
754 1264 1040 1337 Marbagii,
1072 1265 1371 1321 ecclesiam
1406 1267 1765 1333 Senoensem,
1798 1283 1922 1323 cum
1953 1282 2039 1323 ca-

434 1351 576 1424 pella
604 1353 674 1408 de
703 1353 963 1409 Cheulaio
992 1373 1006 1421 ;
1038 1355 1326 1410 ecclesiam
1371 1356 1650 1412 Menovilli
1691 1356 1855 1423 villae,
1905 1371 2038 1410 var

432 1465 658 1507 mansos
685 1454 742 1506 et
790 1451 1095 1520 dimidium,
1147 1461 1377 1524 excepta
1419 1462 1568 1509 terra
1624 1454 2032 1523 indominicata,

433 1540 578 1611 apud
608 1540 966 1611 Pomponium
981 1542 1170 1598 vineas
1191 1542 1367 1610 duas;
1400 1543 1541 1614 apud
1566 1543 1800 1599 Medium
1832 1544 2033 1610 vicum,

435 1647 661 1710 quatuor
689 1653 894 1705 sessos,
948 1647 999 1694 et
1041 1647 1245 1694 tantum
1279 1648 1433 1695 terra;
1479 1639 1880 1697 indominicata;
1917 1656 2037 1712 quae

435 1725 630 1782 suﬂicit
655 1727 883 1782 arationi
912 1728 1075 1783 trium
1097 1736 1396 1796 aratorum,
1429 1746 1554 1785 cum
1576 1739 1784 1802 septem
1806 1738 2039 1802 quarta-

434 1823 552 1892 riis,
584 1832 638 1880 et
668 1825 846 1881 hanno
873 1824 930 1880 in
959 1835 1116 1897 prato
1154 1826 1565 1895 indominicato,
1630 1842 1753 1883 cum
1811 1826 2036 1898 reliquis

434 1915 609 1986 pratis
640 1922 692 1970 et
722 1914 843 1970 aliis
870 1917 1197 1986 appenditiis
1232 1935 1247 1985 ;
1291 1916 1438 1988 apud
1490 1917 1713 1988 Fagnm,
1751 1916 1805 1972 in
1850 1916 2032 1972 Lersi-

434 2010 575 2068 valle
601 2011 790 2068 vineas
821 2022 1072 2085 quatuor,
1105 2022 1158 2070 et
1190 2014 1382 2087 viginti
1433 2015 1679 2083 jornales
1738 2023 1918 2083 terrm,
1981 2017 2034 2070 et

434 2101 574 2157 duos
602 2118 822 2158 mansos
851 2103 1224 2160 mansionales
1257 2120 1271 2174 ;
1317 2104 1464 2176 apud
1522 2104 2030 2170 Wandini-villam,

434 2208 669 2273 quatuor
695 2216 939 2268 mansos,
974 2212 1197 2274 excepta
1236 2212 1378 2259 terra
1416 2203 1799 2259 indominicata
1834 2222 1848 2269 ;
1888 2201 2034 2273 apud

435 2289 857 2356 Hermoteseim,
882 2290 1073 2347 vineas
1120 2307 1258 2362 quas
1310 2292 1461 2347 dedit
1509 2294 1567 2347 B.
1628 2293 1872 2361 ejusdem
1926 2290 2034 2347 loci

436 2387 786 2459 praepositus,
820 2396 874 2444 et
905 2388 1076 2444 frater
1113 2389 1232 2459 ejus
1287 2405 1473 2445 comes
1526 2391 1781 2453 Albertus
1816 2404 1829 2460 ;
1887 2389 2034 2460 apud

435 2475 940 2543 Ameralli-villam,
974 2485 1186 2548 septem
1208 2493 1431 2533 mansos
1464 2486 1516 2533 et
1554 2478 1861 2545 dimidium,
1909 2493 2033 2533 cum

436 2572 673 2629 ecclesia
700 2581 754 2629 et
781 2574 929 2629 omni
960 2574 1268 2647 integritate
1317 2592 1415 2630 sua
1448 2575 1632 2647 ;apud
1688 2575 2029 2642 Banniolum,

440 2669 656 2733 septem
688 2678 938 2730 mansos,
963 2673 1014 2718 et
1044 2672 1157 2719 tres
1189 2664 1517 2736 quartarios,
1546 2664 2035 2735 exceptisfindomi-

438 2759 658 2825 nicatis,
689 2767 743 2817 et
776 2769 987 2832 partem
1019 2778 1181 2833 quam
1207 2762 1410 2817 ibidem
1444 2763 1713 2817 habebant
1741 2763 1935 2818 fratres
1965 2763 2034 2818 de

442 2849 804 2917 Calmesiaco,
838 2851 964 2905 data
989 2852 1134 2906 enim
1163 2867 1264 2922 per
1292 2853 1774 2908 commutationem
1801 2853 2038 2908 ecclesia

442 2946 515 3002 de
544 2947 1043 3016 Domno-Martino,
1076 2956 1129 3003 et
1154 2949 1283 3005 dato
1312 2965 1378 3004 eo
1409 2949 1552 3021 quod
1576 2948 1715 3019 apud
1763 2949 2033 3003 Hundini-

441 3034 630 3091 villam
658 3036 862 3092 habere
889 3036 1260 3099 videbantur;
1307 3038 1576 3093 Praedium
1628 3038 1698 3093 de
1745 3036 2029 3106 Cruceliis,

438 3148 562 3191 cum
594 3134 852 3197 ecclesia,
886 3142 939 3189 et
967 3144 1196 3207 quatuor
1250 3135 1600 3201 molendinis,
1659 3143 1713 3191 et
1765 3136 2037 3207 praedium

434 3224 581 3296 quod
610 3222 812 3280 dicitur
839 3223 1022 3280 Sancti
1052 3225 1277 3292 Aniani,
1299 3226 1455 3293 juxta
1470 3234 1682 3297 portam
1700 3225 1859 3294 hujus
1880 3224 2033 3280 urbis

433 3321 617 3388 situm,
649 3338 773 3378 cum
802 3323 1032 3379 ecclesia
1062 3331 1115 3379 et
1144 3323 1486 3388 molendino,
1519 3331 1572 3378 et
1599 3330 1793 3379 cuncta
1812 3322 1881 3377 ad
1893 3330 2030 3377 utra-

434 3423 541 3479 que
570 3407 773 3477 praedia
792 3407 1139 3478 pertinentia,
1176 3424 1297 3464 cum
1329 3408 1545 3481 integro
1568 3408 1770 3472 hanno,
1792 3415 1845 3463 et
1879 3424 2032 3463 man-

432 3504 591 3576 cipiis
622 3506 911 3577 utriusque
942 3522 1126 3575 sexus,
1167 3506 1341 3573 silvis,
1392 3506 1588 3578 pratis,
1638 3505 1833 3575 vineis,
1875 3505 2032 3561 terris

432 3594 593 3650 cultis
619 3602 675 3650 et
704 3595 943 3662 incultis,
983 3611 1364 3667 aquarumque
1402 3595 1749 3662 decursibus,
1797 3594 2032 3652 exitibus

432 3699 486 3749 et
510 3691 815 3764 reditibus;
851 3700 904 3749 et
932 3694 1073 3749 intra
1102 3695 1260 3763 hujus
1277 3693 1509 3750 civitatis
1538 3693 1735 3749 moenia
1756 3708 2027 3758 mansum,

430 3781 487 3837 in
518 3797 628 3854 quo
657 3782 813 3838 sedet
841 3783 1037 3838 domus
1054 3791 1108 3838 et
1128 3783 1411 3840 cellarium
1434 3799 1554 3855 qua
1575 3782 1727 3838 dedit
1748 3782 2031 3838 Ascelinus

428 3896 529 3953 pro
555 3882 801 3937 remedio
827 3882 1031 3939 animae
1057 3899 1191 3948 sum,
1217 3898 1339 3938 cum
1370 3883 1520 3938 omni
1551 3882 1869 3938 haereditate
1906 3896 2026 3950 sua,

430 3969 640 4026 scilicet
659 3969 716 4024 in
747 3971 977 4026 Varneri
997 3970 1304 4042 plantiditio
1332 3971 1472 4026 duos
1498 3971 1744 4035 ordines,
1778 3977 1828 4025 et
1860 3969 2028 4024 dimi-

430 4067 580 4122 dium
606 4067 797 4135 vineae,
831 4076 884 4125 et
911 4085 1131 4125 omnem
1163 4069 1531 4124 haereditatem
1565 4083 1728 4140 quam
1789 4068 2029 4122 Duorar-

429 4156 532 4212 dus
561 4173 660 4228 pro
682 4156 793 4214 tilio
815 4175 913 4214 suo
934 4159 1101 4214 dedit.
1126 4159 1382 4214 Mansum
1402 4158 1572 4214 vineae
1584 4157 1748 4228 juxta
1768 4156 2029 4213 Sanctum

429 4255 767 4322 Amantium,
800 4257 927 4312 etin
958 4257 1127 4312 Barro
1158 4257 1371 4313 vineam
1416 4273 1599 4322 unam,
1659 4272 1820 4329 quam
1879 4255 2029 4311 dedit

429 4343 710 4399 Romanus
740 4360 842 4416 pro
871 4344 982 4401 tilio
1006 4362 1139 4413 suo;
1161 4363 1321 4418 supra
1353 4347 1633 4403 Mosellam
1665 4350 1815 4415 juxta
1844 4343 2031 4401 Calde—

428 4441 669 4510 niacum,
703 4442 1078 4499 molendinum
1118 4461 1284 4499 unum
1342 4461 1467 4500 cum
1523 4459 1679 4500 sesso
1736 4451 1789 4499 et
1844 4443 2025 4510 vinea,

430 4546 588 4603 quam
620 4532 768 4587 dedit
798 4532 1076 4588 Renaldus
1106 4533 1215 4589 illic
1245 4534 1581 4600 canonicus;
1638 4532 1848 4587 furnum
1903 4547 2026 4588 cum

428 4636 645 4688 menso,
678 4621 825 4693 apud
857 4622 1059 4678 fontem
1091 4622 1275 4678 Sancti
1297 4622 1582 4689 Mansueti,
1606 4638 1729 4678 cum
1751 4637 1857 4677 una
1872 4621 2030 4678 vinea

428 4708 483 4765 in
506 4710 760 4765 Mardeau
786 4711 872 4781 ;in
894 4712 1064 4767 Barro
1093 4718 1301 4779 monte,
1341 4711 1531 4767 vincas
1572 4711 1705 4765 duas
1739 4728 1754 4777 ;
1796 4710 1852 4764 in
1891 4710 2029 4766 Car-

429 4807 651 4875 ravalle,
670 4815 904 4880 quatuor
926 4808 1150 4864 ordines
1171 4808 1455 4864 vinearum
1482 4829 1500 4875 ;
1522 4808 1575 4863 in
1599 4809 1848 4864 Hattonis
1870 4809 2026 4878 valle,

430 4912 525 4953 sex
554 4897 773 4952 ordines
808 4917 822 4965 ;
855 4896 913 4952 in
938 4913 1154 4952 summo
1187 4897 1378 4965 Barro,
1431 4897 1649 4953 vineam
1708 4914 1873 4952 unam
1908 4919 1921 4963 ;
1974 4898 2033 4952 in

429 4985 797 5054 Calvomonte,
814 4986 1036 5042 ordines
1056 4994 1181 5042 octo
1216 4987 1309 5054 ;in
1339 4995 1494 5059 prato
1522 4986 1774 5051 Amantii,
1808 4986 2031 5044 ordines

430 5083 682 5141 undecim
716 5104 735 5153 ;
764 5085 818 5139 in
838 5084 1138 5141 tntervallis
1183 5085 1487 5152 vinearum,
1521 5102 1688 5140 unum
1721 5103 1734 5139 :
1768 5085 1823 5139 in
1869 5084 2029 5153 Gula,

429 5172 641 5230 vineam
673 5189 837 5229 unam
864 5192 878 5238 ;
903 5174 959 5228 in
996 5174 1333 5241 Calcatoriis,
1366 5174 1580 5230 vineam
1639 5190 1822 5240 unam,
1868 5163 2031 5247 quin-

431 5278 538 5333 que
574 5262 818 5331 ordines,
850 5262 1043 5336 viginti
1067 5271 1122 5319 et
1152 5279 1317 5319 unum
1336 5272 1548 5336 emptos
1571 5279 1604 5320 a
1624 5263 1812 5329 Maria,
1832 5263 2033 5320 etalios

431 5358 589 5418 duos.

503 5459 600 5513 His
620 5458 788 5531 igitur
814 5459 1260 5531 possessionibus
1291 5459 1730 5531 praedecessores
1755 5459 1863 5515 mei
1894 5476 2034 5532 prae-

434 5544 637 5603 dictam
666 5548 1066 5619 locupletantes
1093 5549 1410 5617 ecclesiam,
1461 5549 1640 5605 eidem
1676 5549 2031 5618 tradiderunt,

434 5641 490 5687 ut
518 5635 731 5692 scilicet
763 5636 867 5693 soli
889 5637 1151 5709 episcopo
1181 5638 1428 5709 subjecta
1457 5646 1624 5705 esset,
1656 5646 1711 5694 ut
1748 5638 1881 5693 nulli
1926 5654 2033 5693 nn-

438 5745 598 5799 quam
630 5732 683 5786 in
712 5732 1039 5789 beneficium
1072 5737 1312 5804 cederet,
1344 5744 1398 5791 et
1456 5736 1815 5808 praepositum
1869 5751 2033 5808 quem

440 5819 742 5875 communis
766 5821 978 5888 electio,
1002 5831 1056 5878 et
1082 5833 1234 5880 certe
1250 5824 1487 5880 sanioris
1501 5825 1671 5895 partis
1687 5833 2032 5895 exposceret,

444 5901 597 5963 illum
628 5907 955 5980 susciperet,
985 5918 1041 5965 et
1059 5919 1117 5967 ut
1146 5912 1264 5982 ipse
1289 5913 1619 5985 praepositus
1636 5913 1693 5968 in
1712 5912 2037 5971 beneﬁcium

2145 620 2363 690 tineret,
2394 621 2485 675 tali
2527 637 2763 694 namque
2807 629 2997 679 tenore
3024 611 3397 696 {praepositum
3436 623 3744 682 Oldericum

2146 712 2202 765 et
2230 699 2866 767 secundum'Brunonem
2892 712 2947 767 in
2969 712 3169 768 eadem
3201 713 3428 770 basilica
3458 712 3626 770 fuisse
3654 729 3743 770 co-

2147 800 2457 870 gnovimus,
2491 809 2542 856 et
2572 800 2896 857 Richuinum
2937 800 3154 857 tertium
3185 803 3265 857 eis
3294 802 3592 859 succedere
3637 802 3738 859 de-

2147 888 2437 955 crevimus,
2471 905 2577 943 non
2611 890 2830 962 quidem
2856 890 2979 958 jure
3017 891 3386 959 hereditario,
3420 899 3478 947 ut
3503 892 3572 946 ad
3619 892 3735 961 ejus

2147 977 2580 1049 primiceriatum
2600 977 2727 1051 lege
2759 978 3017 1036 beneficii
3047 996 3143 1035 seu
3175 981 3353 1053 aliqua
3381 981 3487 1035 alia
3535 979 3737 1037 ratione

2146 1066 2445 1138 respiceret
2466 1084 2567 1122 seu
2589 1067 2867 1139 respiciat,
2900 1077 2990 1124 aut
3018 1077 3079 1123 ut
3115 1069 3313 1141 aliquis
3355 1069 3490 1125 alius
3539 1068 3736 1141 primi-

2146 1156 2327 1214 cerius
2354 1172 2521 1227 super
2548 1157 2651 1213 hoc
2663 1157 3066 1213 successionem
3086 1157 3323 1230 aliquam
3340 1157 3606 1231 requirat,
3640 1158 3736 1214 sed

2146 1261 2247 1316 pro
2277 1261 2343 1301 eo
2373 1253 2577 1301 tantum
2610 1246 2738 1317 quia
2766 1244 2972 1302 fratres
3004 1247 3253 1316 ejusdem
3307 1246 3555 1304 ecclesiis
3614 1263 3737 1303 eum

2146 1334 2449 1407 elegerunt,
2481 1342 2665 1405 utpote
2692 1333 2748 1389 in
2775 1334 2931 1403 cujus
2961 1336 3228 1407 sapientia
3256 1336 3387 1391 satis
3416 1334 3647 1402 consilii,
3676 1335 3736 1391 in

2146 1423 2305 1490 cujus
2335 1422 2617 1477 honestate
2647 1423 2876 1477 multum
2905 1423 3147 1494 praesidii
3176 1423 3278 1478 sibi
3308 1424 3502 1479 adesse
3531 1438 3735 1497 cogno-

2147 1519 2366 1565 verunt.
2407 1510 2694 1566 Constituit
2723 1511 2889 1566 etiam
2918 1512 3174 1583 praefatus
3212 1516 3534 1569 'antecessor
3576 1528 3735 1567 mens

2146 1601 2264 1657 Udo
2291 1600 2606 1671 episcOpus,
2661 1606 2719 1655 ut
2776 1602 3138 1674 congregatio
3195 1602 3437 1671 ejusdem
3498 1600 3733 1658 cmnobii

2145 1690 2338 1745 diebus
2366 1688 2507 1744 infra
2535 1690 2824 1744 nominatis
2870 1691 2940 1745 ad
2989 1690 3233 1745 divinum
3279 1690 3530 1747 olfficium
3583 1690 3735 1747 cele-

2146 1778 2420 1834 brandum
2449 1787 2805 1850 praeparatam
2833 1779 3019 1835 sedem
3049 1784 3301 1835 nostram
3331 1780 3507 1843 adeat.
3529 1780 3735 1837 scilicet

2063 1883 2117 1943 Β
2146 1869 2198 1923 in
2232 1867 2368 1923 festo
2394 1868 2567 1922 sancti
2620 1868 2884 1937 Stephani
2940 1876 3065 1940 post
3118 1869 3467 1925 Nativitatem
3495 1869 3732 1939 Domini,

2142 1959 2210 2014 ad
2241 1956 2515 2028 publicam
2572 1956 2818 2024 missam,
2859 1957 2915 2011 in
2961 1957 3050 2012 die
3100 1958 3431 2013 Inventionis
3473 1958 3613 2028 ejus,
3662 1957 3733 2014 ad

2140 2062 2423 2117 vesperae,
2455 2054 2508 2101 et
2556 2045 2611 2100 in
2658 2046 2853 2101 diebus
2899 2047 3095 2118 quibus
3136 2047 3337 2118 praesul
3381 2047 3528 2103 sedis
3575 2048 3733 2116 hujus

2140 2136 2449 2209 plenarium
2478 2134 2731 2190 ordinem
2761 2135 3034 2205 habuerit,
3060 2135 3311 2192 videlicet
3337 2136 3393 2190 in
3419 2136 3588 2192 Caeca
3616 2137 3734 2191 Do-

2144 2221 2273 2276 mini
2305 2221 2361 2274 in
2420 2221 2647 2286 Pascha,
2679 2220 2735 2274 in
2758 2221 3093 2287 Pentecoste,
3116 2221 3185 2276 de
3208 2221 3399 2277 eadem
3422 2236 3733 2294 congrega-

2143 2310 2288 2367 tione
2313 2317 2665 2365 assumentur
2708 2308 2779 2364 ad
2819 2310 3067 2365 ordinem
3111 2310 3348 2378 diaconi,
3387 2309 3730 2379 subdiaconi,

2141 2407 2301 2472 prout
2321 2398 2700 2470 opportunitas
2728 2398 3043 2454 contulerit.

2213 2490 2368 2545 Hanc
2394 2504 2532 2559 ergo
2561 2487 2985 2543 sacratissimam
3027 2494 3291 2543 tantorum
3344 2486 3734 2545 institutionem

2142 2594 2247 2649 ego
2278 2578 2408 2633 Pibo
2438 2576 2680 2647 benigna
2710 2584 2888 2632 mente
2919 2576 3156 2647 suscepi,
3190 2583 3243 2632 et
3271 2575 3559 2647 praedictas
3598 2591 3736 2647 pos—

2142 2667 2438 2733 sessiones,
2471 2672 2525 2721 et
2551 2681 2615 2720 ea
2643 2665 2825 2721 omnia
2854 2681 2976 2736 quae
3004 2666 3058 2719 in
3088 2665 3349 2736 praedicto
3388 2672 3513 2720 sunt
3558 2664 3735 2737 privi-

2142 2757 2289 2827 legio
2319 2755 2561 2828 legitima
2588 2754 2904 2811 auctoritate
2960 2753 3299 2821 conﬁrmavi,
3358 2769 3549 2810 omnes
3603 2752 3731 2809 illos

2143 2844 2509 2902 anathematis
2538 2843 2923 2900 maledictione
2936 2842 3159 2907 feriens,
3179 2841 3571 2915 quicumquein
3594 2857 3737 2913 prae-

2142 2944 2301 3000 dictis
2328 2941 2479 2997 aliud
2509 2949 2824 3012 pervertere
2844 2948 2935 2996 aut
2996 2940 3264 3011 derogare
3317 2946 3729 3011 praesumerent.

2143 3033 2209 3091 Ut
2236 3040 2420 3087 autem
2450 3031 2569 3086 hzec
2598 3030 2780 3085 omnia
2809 3029 3053 3086 firmiora
3107 3038 3161 3085 et
3217 3037 3483 3101 perpetuo
3538 3028 3737 3085 incon-

2145 3125 2296 3177 vulsa
2326 3128 2704 3192 permaneant,
2738 3119 2968 3176 consilio
2997 3119 3163 3174 totius
3202 3118 3358 3186 cleri,
3407 3116 3576 3191 sigilli
3627 3116 3736 3173 mei

2144 3210 2505 3281 impressione
2535 3209 2762 3277 tirmavi,
2795 3217 2847 3264 et
2876 3208 3194 3265 idoneorum
3222 3207 3444 3264 testium
3486 3205 3737 3263 subscri-

2141 3300 2327 3370 ptione
2362 3299 2636 3356 roboravi.

2212 3399 2334 3471 Ego
2363 3398 2493 3455 Pibo
2520 3396 2697 3469 gratia
2726 3395 2826 3452 Dei
2867 3396 3209 3453 Leuchorum
3257 3393 3545 3465 episcopus
3592 3392 3733 3449 sub-

2140 3488 2377 3558 scriptus
2407 3487 2584 3557 faveo,
2618 3494 2672 3541 et
2701 3484 2904 3540 annulo
2937 3492 3138 3542 nostrae
3159 3483 3428 3541 Ecclesiae
3442 3482 3623 3557 signo.

2214 3586 2447 3660 Signum
2467 3584 2683 3656 Riquini
2715 3582 3028 3653 primicerii,
3074 3590 3130 3639 et
3183 3580 3427 3651 ejusdem
3482 3578 3735 3638 ecclesia

2139 3675 2437 3747 prapositi,
2473 3673 2648 3729 sancti
2679 3672 2943 3743 Stephani
2971 3669 3372 3728 archidiaconi.

2209 3764 2366 3835 Sign.
2397 3761 2727 3819 Thiercelini
2755 3759 3153 3819 archidiaconi.

2207 3862 2363 3936 Sign.
2392 3860 2643 3933 Hugonis
2671 3859 2885 3916 archid.

2209 3950 2364 4022 Sign.
2394 3949 2634 4005 Elberici
2662 3947 2872 4004 archid.

2211 4040 2366 4113 Sign.
2399 4038 2688 4095 Rambaldi
2715 4036 2928 4093 archid.

2210 4129 2365 4202 Sign.
2396 4126 2645 4200 Hugonis
2670 4124 2906 4194 junioris
2935 4123 3148 4180 archid.

2208 4215 2362 4287 Sign.
2396 4214 2624 4270 Goberti
2652 4212 2862 4269 archid.
2887 4220 2940 4267 et
2968 4210 3166 4267 exinde
3195 4207 3462 4267 canonici.

2210 4304 2365 4376 Sign.
2400 4302 2585 4358 domni
2616 4301 2848 4357 Widrici
2876 4300 3092 4356 abbatis
3114 4297 3298 4355 Sancti
3325 4296 3481 4369 Apri.

2211 4393 2366 4465 Sign.
2391 4391 2579 4447 domni
2610 4389 2881 4445 Thiemari
2922 4388 3132 4444 abbatis
3178 4385 3358 4444 Sancti
3394 4384 3684 4442 Mansueti.

2211 4491 2365 4563 Sign.
2396 4489 2583 4545 domni
2614 4488 2802 4545 Seheri
2827 4487 3038 4543 abbatis
3068 4485 3247 4543 Sancti
3276 4483 3494 4542 Leonis.

2057 4612 2111 4672 D
2212 4580 2367 4652 Sign.
2401 4577 2695 4634 Humbaldi
2729 4577 2979 4672 ejusdem
3007 4576 3113 4632 loci
3142 4574 3355 4672 decani,
3399 4580 3453 4628 et
3495 4570 3728 4627 aliorum

2141 4669 2526 4725 canonicorum
2557 4665 2898 4733 Theodorici,
2938 4663 3191 4722 Gilberti.

2210 4759 2365 4831 Sign.
2397 4756 2611 4813 comitis
2642 4754 2899 4822 Renardi,
2931 4762 2985 4809 et
3011 4751 3230 4809 Warini
3263 4749 3357 4807 ﬁlii
3385 4752 3527 4821 ejus.

2210 4846 2364 4920 Sign.
2402 4846 2607 4901 Valteri
2636 4844 2705 4900 de
2736 4844 3049 4901 Cominatu.

2213 4936 2369 5009 Sign.
2402 4934 2642 5006 Sigifridi
2672 4933 2948 4989 advocati.

2210 5024 2361 5097 Sign.
2397 5022 2615 5079 Henrici
2645 5022 2714 5078 de
2753 5022 2953 5079 Sancto
2998 5021 3256 5088 Vedasto,
3308 5025 3362 5076 et
3406 5015 3728 5074 Theoderici

2141 5113 2238 5169 ﬁlii
2268 5114 2412 5183 ejus.

2210 5202 2365 5274 Sign.
2397 5200 2627 5258 Renaldi
2655 5199 2911 5272 dapiferi.

2212 5290 2366 5365 Sign.
2400 5289 2590 5347 Vileri.

2213 5381 2367 5452 Sign.
2397 5377 2703 5436 Wolfandi.

2214 5469 2370 5542 Sign.
2402 5468 2607 5524 Bereti.

2213 5555 2368 5627 Sign.
2396 5552 2669 5620 Promidi,
2703 5559 2788 5608 etc
2802 5593 2815 5607 .

2214 5652 2356 5706 Data
2387 5657 2441 5705 et
2470 5648 2696 5705 recitata
2722 5648 2778 5703 in
2820 5646 3016 5718 majori
3047 5646 3299 5710 ecclesia,
3333 5646 3390 5701 in
3444 5644 3611 5718 plena
3654 5659 3736 5715 sy-

2142 5740 2309 5807 nodo,
2342 5747 2534 5796 octavo
2564 5739 2691 5794 Idus
2720 5738 2885 5804 Junii,
2917 5752 3061 5793 anno
3089 5737 3159 5792 ab
3201 5735 3586 5794 Incarnotione
3626 5732 3735 5788 Do-

2141 5828 2274 5883 mini
2305 5831 2464 5900 1105,
2489 5828 2679 5885 indict.
2711 5844 2833 5897 xxv,
2853 5825 3209 5885 ordinationis
3224 5840 3358 5883 vero
3377 5836 3580 5883 nostra:
3598 5835 3736 5879 anno

2145 5929 2335 5971 XXXV.
