3882 6426
472 396 574 453 417

1698 390 1936 451 Al’PEN
1942 391 2011 446 Ι).
2045 389 2140 445 AD
2183 388 2521 448 PIBONEM.

3684 391 3789 455 438

469 571 553 633 IN
560 564 805 635 CIPIT1
818 567 1309 635 GATALOGUS
1330 567 1829 633 PONTIFICUM
1852 565 2387 629 TULLENSIUM
2404 567 2459 628 A
2479 569 2753 634 ΒΕΑΤο
2776 572 3226 641 MANSUETO
3248 576 3352 638 ET
3369 544 3785 640 CEPS

540 813 687 870 Licet
740 820 1052 870 sanctorum
1109 810 1353 867 omnium
1409 810 1643 866 virtutes
1700 817 1754 865 et
1820 808 2067 879 exempla
2097 808 2155 869 Α
2188 809 2451 882 templum
2496 794 2816 869 in'honore
2870 822 3152 886 perpetuae
3210 816 3448 889 Virginis
3499 816 3783 890 genitricis

473 903 667 960 merito
695 917 910 973 semper
939 903 1046 956 sint
1060 901 1348 957 recolenda
1371 908 1421 955 et
1438 899 1721 956 memoriae
1739 895 1760 922 ²
1788 913 2073 955 commen-

473 1001 650 1059 danda
677 1001 835 1071 juxta
867 1000 1159 1072 scripturae
1190 1015 1416 1057 vocem:
1446 1000 1796 1071 Sapientiam
1835 1002 2070 1054 sancto-

472 1108 601 1148 rum
613 1095 859 1146 ηανναηί
871 1106 1064 1146 omnes
1073 1090 1289 1163 pepuli,
1312 1094 1366 1144 et
1386 1089 1609 1145 laudem
1622 1105 1816 1146 eorum
1835 1088 2074 1144 nuntiat

472 1179 712 1238 ecclesia
741 1180 934 1248 (Eecli.
971 1194 1115 1246 xuv,
1176 1180 1295 1245 15):
1346 1178 1558 1233 illorum
1591 1186 1774 1233 tamen
1830 1176 2074 1232 crebrius

473 1268 635 1324 nobis
664 1276 789 1323 sunt
819 1276 979 1341 gesta
999 1267 1346 1333 revolvenda,
1367 1283 1599 1339 quorum
1618 1282 1638 1309 ι
1662 1266 1922 1337 reliquias
1950 1281 2076 1337 pos-

469 1366 730 1422 sidemus.
764 1366 936 1439 Igitur
952 1365 1080 1438 quia
1096 1366 1163 1420 de
1187 1366 1323 1421 actis
1344 1372 1364 1400 ι
1381 1363 1697 1438 pontificum
1716 1364 2014 1420 Leucorum
2029 1370 2070 1432 ‘,

470 1465 632 1528 prout
658 1456 926 1511 Dominus
954 1455 1183 1519 dederit,
1225 1455 1469 1511 scribere
1498 1455 1568 1508 ad
1614 1454 1934 1509 memoriam
1978 1466 2076 1523 po-

470 1553 747 1601 sterorum
777 1545 1143 1611 decernimus,
1176 1545 1245 1598 ab
1275 1544 1397 1616 ipso
1440 1543 1617 1614 primo
1649 1543 1898 1613 ejusdem
1938 1542 2076 1598 civi-

470 1634 596 1690 tatis
627 1643 782 1704 patre
814 1650 877 1690 ac
908 1632 1179 1705 praesule“
1210 1634 1491 1689 exordium
1521 1648 1824 1688 sumamus.

541 1728 602 1780 2.
645 1724 807 1778 Fuit?
837 1724 955 1792 (t3)
985 1724 1128 1778 idem
1178 1724 1525 1778 venerandus
1578 1730 1751 1793 pater,
1795 1721 1935 1778 sicut
1982 1736 2079 1776 re-

471 1811 580 1867 latu
612 1813 886 1882 majorum
926 1812 1241 1880 didicimus,
1286 1812 1456 1867 nobili
1499 1813 1826 1867 Scotorum.
1869 1825 2078 1882 genere

466 1914 486 1944 ο
516 1902 786 1957 oriundus
818 1921 833 1970 ;
863 1902 961 1956 sed
1003 1902 1189 1956 divina
1239 1902 1558 1972 providente
1601 1900 1909 1964 clementia,
1958 1916 2080 1971 quae

470 1999 669 2049 cuncta
750 1990 1076 2046 mirabiliter
1124 1991 1454 2061 praeordinat
1512 1998 1674 2063 atque
1747 1988 2003 2059 disponit,
2047 2006 2082 2045 a

470 2089 585 2145 suis
613 2087 814 2144 finibus
843 2088 968 2144 exul
1001 2088 1175 2145 factus
1205 2097 1309 2156 est,
1343 2088 1601 2161 quatinus
1651 2088 1707 2143 in
1738 2088 1961 2159 regione
1983 2104 2081 2142 su-

2179 899 2358 969 ejusu
2385 901 2665 973 sanctique
2719 904 3141 976 protomartyris
3197 905 3477 976 Stephani,
3536 906 3784 979 aliasque

2180 996 2600 1073 circumquaque
2630 1012 2669 1041 ιν
2699 1000 2980 1069 ecclesias,
3034 1001 3299 1057 ordinatis
3345 1002 3694 1073 presbyteris
3732 1012 3784 1059 et

2181 1086 2523 1156 diaconibus,
2574 1089 2666 1143 ubi
2695 1088 3100 1163 gloriﬁcaretur
3151 1090 3487 1147 admirabilis
3542 1093 3700 1147 Deus
3729 1092 3783 1146 in

2182 1176 2385 1232 sanctis
2416 1178 2530 1233 suis
2559 1195 2732 1251 usque
2762 1181 2818 1233 in
2851 1188 3177 1250 praesentem
3223 1180 3393 1235 diem.
3432 1181 3780 1252 lmpossibile

2184 1290 2318 1330 vero
2338 1273 2379 1302 ’°
2409 1284 2493 1330 est
2534 1285 2731 1332 cuncta
2762 1276 3049 1333 scribendo
3078 1277 3467 1352 perstringere,
3499 1295 3629 1351 qua
3658 1288 3781 1333 tan-

2183 1371 2271 1419 tus
2298 1379 2365 1421 ac
2393 1364 2519 1420 talis
2544 1365 2630 1421 vir
2654 1366 2710 1420 in
2739 1380 2966 1437 corpore
2995 1368 3202 1437 positus
3237 1368 3426 1439 gessit,
3460 1368 3545 1422 vel
3578 1374 3785 1439 quanta

2184 1453 2388 1521 docuit,
2421 1463 2787 1526 quantamque
2834 1455 3171 1512 credentium
3229 1456 3628 1512 multitudinem
3685 1472 3785 1527 per

2185 1543 2532 1616 evangelium
2581 1543 2634 1598 in
2666 1544 2880 1600 Christo
2932 1546 3143 1618 genuit,
3204 1561 3415 1601 necnon
3461 1544 3781 1617 qualiterin

2185 1641 2542 1697 custodiendo
2567 1658 2741 1714 grcge
2769 1642 3042 1699 dominico
3071 1651 3124 1698 et
3148 1643 3187 1672 ³³
3217 1642 3319 1697 sibi
3363 1642 3575 1699 credito
3614 1642 3782 1714 digne

2188 1730 2435 1785 docendo
2464 1746 2528 1785 ac
2551 1740 2737 1786 sancte
2766 1730 2998 1787 vivendo
3029 1732 3292 1805 vigilavit.
3323 1732 3428 1787 Sed
3460 1732 3566 1787 hoc
3592 1750 3635 1780 ιι
3664 1740 3781 1786 tan-

2187 1828 2298 1874 tum
2326 1821 2605 1875 brevitatis
2629 1821 2953 1891 compendio
2993 1822 3264 1893 ponimus,
3307 1838 3374 1877 ne
3404 1820 3526 1875 talis
3555 1820 3780 1876 lucerna

2189 1925 2288 1980 per
2337 1909 2641 1964 indebituin
2670 1909 2945 1965 silentium
2989 1919 3235 1965 nostrum
3281 1909 3424 1965 velut
3463 1910 3567 1964 sub
3597 1909 3780 1965 modio

2189 1997 2364 2068 posita
2390 1999 2607 2065 lateret,
2640 1999 2737 2054 sed
2759 1999 2966 2055 luceret
2995 2000 3248 2054 omnibus
3274 1998 3364 2071 qui
3394 1999 3449 2053 in
3475 1998 3646 2054 domo
3683 1998 3780 2054 Dei

2191 2095 2335 2142 sunt.
2370 2088 2606 2143 Peracto
2670 2088 2815 2144 enim
2844 2088 2883 2117 "
2914 2087 3260 2143 ammirandae
3315 2087 3439 2143 vitae
3493 2102 3685 2152 cursu,
3732 2094 3782 2141 et

470 2192 646 2248 perna
684 2177 913 2233 colonus
969 2176 1139 2243 ﬁeret,
1182 2186 1236 2233 et
1273 2177 1398 2233 illos
1468 2178 1558 2249 qui
1606 2193 1639 2233 a
1683 2176 1855 2247 patria
1920 2177 2081 2245 regni
2117 2172 2168 2235 Β
2197 2176 2434 2232 ecclesia
2459 2177 2514 2231 in
2543 2178 2763 2232 Christo
2785 2177 3121 2243 confirmata,
3141 2176 3355 2248 reliquit
3374 2177 3492 2247 ipse
3507 2176 3782 2249 gloriosus

469 2266 703 2322 caelestis
732 2275 889 2321 erant
916 2266 1125 2332 exules,
1159 2281 1528 2338 supernorum
1582 2266 1784 2322 civium
1842 2263 2084 2321 efﬁceret

473 2355 799 2411 coheredes.
831 2355 947 2411 Nec
977 2354 1172 2410 mirum
1217 2370 1370 2427 ergo,
1405 2355 1451 2409 si
1480 2355 1734 2410 dominus
1780 2362 1832 2409 et
1887 2353 2083 2410 Salva-

479 2452 565 2500 tor
592 2444 857 2505 omnium,
891 2445 984 2516 qui
1037 2460 1230 2500 omnes
1285 2445 1405 2499 vult
1430 2444 1621 2500 salvos
1680 2443 1805 2499 ﬁeri
1850 2452 1905 2499 et
1932 2444 2003 2498 ad
2032 2441 2071 2470 ¹⁰

474 2541 807 2615 agnitionem
840 2542 1081 2597 veritatis
1111 2541 1316 2608 venire,
1349 2549 1550 2596 tantum
1584 2543 1867 2596 doctorem
1899 2542 1966 2596 de
1990 2556 2083 2596 re-

474 2629 640 2685 motis
668 2633 830 2685 tcrrae
857 2629 1100 2702 partibus
1142 2639 1413 2697 vocatum,
1453 2631 1521 2685 ad
1568 2631 1890 2687 seminanda
1927 2630 2086 2689 verbi

476 2718 648 2775 divini
678 2719 890 2774 semina
920 2726 973 2774 et
1002 2720 1331 2774 illustranda
1359 2735 1504 2776 caeca
1535 2720 1885 2775 barbarorum
1914 2720 2084 2777 corda

479 2817 812 2884 destinavit;
875 2817 967 2889 qui
1017 2826 1072 2873 et
1122 2815 1163 2845 “
1193 2835 1291 2889 per
1346 2822 1702 2890 semetipsum
1760 2820 1829 2875 de
1874 2814 1917 2844 ¹²
1985 2836 2081 2874 su-

476 2906 664 2979 pernis
687 2907 1029 2962 descendens
1046 2907 1293 2971 sedibus,
1316 2909 1803 2980 genusiiumanum
1827 2908 2083 2980 originali

478 3002 535 3051 et
569 2995 769 3053 actuali
818 2995 1019 3052 delicto
1061 2997 1340 3053 astrictum
1386 2997 1609 3054 visitare
1658 2998 1916 3068 dignatus
1974 3005 2078 3053 est.

477 3084 748 3156 Tempore
778 3101 1034 3157 namque,
1066 3101 1180 3157 quo
1202 3086 1347 3141 beati
1370 3087 1511 3142 Petri
1534 3087 1915 3158 apostolorum
1936 3087 2081 3158 prin-

476 3181 612 3252 cipis
640 3181 1027 3253 praedicatione
1075 3192 1132 3237 et
1178 3185 1483 3255 apostolatu
1539 3186 1779 3239 Romana
1836 3185 2080 3256 fulgebat

471 3270 741 3337 Ecclesia,
783 3271 924 3327 duce
966 3271 1182 3329 Christo
1230 3273 1359 3329 illuc
1398 3273 1699 3345 perductus
1747 3280 1831 3329 est
1889 3274 2079 3328 beatus

475 3359 792 3415 Mansuetus
813 3360 870 3426 ³³,
907 3376 1077 3433 seque
1134 3362 1397 3418 doctrinae
1450 3362 1762 3433 apostolicae
1819 3363 2074 3438 subdidit.

473 3452 520 3504 A
550 3464 657 3520 quo
702 3449 1044 3505 documentis
1086 3449 1214 3506 fidei
1267 3451 1552 3520 catholica:
1606 3452 1864 3518 imbutus,
1918 3460 2081 3525 atque

2194 2266 2476 2321 Domini“
2519 2266 2782 2322 sacerdos
2838 2266 3128 2338 praesentis
3172 2265 3346 2322 seculi
3400 2264 3783 2335 naufragium,

2192 2363 2384 2427 petens
2412 2364 2691 2426 perpetuae
2723 2355 2918 2427 quietis
2937 2364 3174 2427 portum,
3205 2362 3497 2412 coronatus
3516 2369 3551 2409 a
3572 2352 3783 2409 Christo

2190 2444 2245 2499 in
2266 2454 2612 2516 perpetuum.
2647 2445 3061 2501 Sanctissimum
3102 2460 3338 2516 namque
3392 2458 3593 2514 carpas
3639 2442 3784 2497 illius

2192 2542 2459 2613 sepultum
2489 2557 2595 2597 non
2627 2541 2791 2613 longe
2821 2558 2854 2597 a
2883 2541 3143 2612 praedicta
3198 2540 3431 2606 civitate,
3482 2546 3708 2593 tenetur
3733 2538 3783 2591 in

2191 2631 2445 2701 ecclesia,
2476 2647 2597 2703 quae
2626 2631 2694 2686 ab
2716 2630 2837 2702 ipso
2859 2629 3077 2685 fundata
3106 2629 3304 2686 dicitur
3322 2637 3373 2684 et
3388 2627 3610 2684 nomine
3641 2625 3783 2682 beati

2190 2721 2425 2792 apostoli
2459 2720 2601 2775 Petri
2629 2719 2898 2788 dedicata,
2931 2735 3203 2791 quamque
3232 2727 3284 2773 et
3329 2717 3622 2788 praesentia
3648 2730 3782 2770 sua-

2190 2826 2310 2865 rum
2350 2809 2701 2880 reliquiarum
2751 2809 2975 2864 decorat
3002 2816 3057 2863 et
3084 2805 3579 2862 innumerabilibus
3614 2804 3780 2859 virtu-

2190 2908 2334 2962 tibus
2380 2907 2696 2962 illustrat”.
2725 2907 2827 2963 Ubi
2887 2900 3173 2979 quisque"
3229 2903 3433 2976 aliquid
3488 2919 3616 2958 cum
3670 2901 3780 2955 ﬂde

2188 2997 2457 3067 petiturus
2487 2996 2721 3062 accedit,
2753 2994 2944 3067 procul
2973 2995 3138 3051 dubio
3169 3009 3228 3049 se
3259 2992 3584 3063 impetrasse
3600 2999 3783 3065 gratu-

2188 3094 2354 3151 latur.
2394 3095 2567 3166 Cujus
2615 3094 2805 3150 humili
2849 3092 3243 3164 suppllcatioue
3287 3090 3597 3162 ﬂagitamus
3625 3092 3783 3143 auxi-

2188 3185 2337 3250 lium,
2371 3193 2427 3239 et
2460 3199 2560 3239 suo
2591 3183 2889 3254 patrocinio
2919 3198 2986 3238 ac
3034 3180 3291 3253 pastorali
3318 3178 3637 3234 defensione
3687 3192 3784 3232 nos

2185 3273 2241 3327 in
2269 3272 2529 3343 praesenti
2555 3281 2771 3328 tueatur
2825 3272 2895 3327 ab
2951 3268 3370 3327 adversitatibus
3401 3267 3700 3334 universis,
3734 3273 3783 3321 et

2184 3371 2406 3434 peracto
2457 3362 2614 3417 istius
2663 3361 2788 3418 vitae
2845 3359 3160 3422 certamine,
3207 3358 3277 3413 ad
3332 3354 3784 3413 remunerationis

2186 3448 2442 3503 brevium
2471 3448 2633 3504 faciat
2663 3447 2893 3504 feliciter
2948 3445 3260 3517 pervenire,
3293 3442 3582 3498 miserante
3609 3440 3783 3513 gratia

475 3537 701 3593 scientia
728 3538 1057 3605 divinorum
1097 3539 1437 3612 eloquiorum
1482 3541 1723 3611 pleniter
1776 3541 2070 3610 institutus,
2107 3533 2158 3597 Ο
2190 3536 2580 3608 Redemptoris
2619 3536 2807 3600 nostri,
2831 3535 2923 3608 qui
2952 3534 3116 3589 talem
3144 3532 3257 3588 suis
3285 3531 3478 3587 ovibus
3506 3531 3549 3563 ³⁷
3569 3544 3783 3600 praepo—

475 3626 542 3681 ad
574 3627 855 3697 praefatam
884 3628 1079 3683 urbem
1135 3628 1433 3699 pontificali
1460 3629 1840 3686 benedictione
1880 3645 2073 3687 conse-

477 3722 684 3783 cratus,
708 3716 858 3772 velut
883 3716 1096 3789 lampas
1117 3716 1322 3788 fulgida
1352 3717 1423 3785 ad
1445 3718 1792 3789 repellendas
1806 3720 1845 3751 ¹⁴
1867 3720 2078 3776 erroris

476 3814 736 3871 tenebras
775 3814 1015 3871 directus
1044 3822 1146 3872 est.
1191 3814 1296 3870 Ubi
1327 3823 1586 3887 quantum
1615 3816 1739 3873 vitae
1796 3817 2080 3873 sanctitate

476 3909 529 3959 et
574 3903 984 3975 praedicationis
1041 3902 1314 3960 refulserit
1375 3904 1652 3976 instantia,
1714 3922 1822 3962 non
1878 3906 2088 3964 sufﬁcit

475 3991 736 4049 sterilis"
766 4009 1027 4050 enarrare
1056 3992 1266 4065 lingua.
1304 3994 1428 4050 Non
1475 3995 1649 4051 solum
1705 3997 1850 4051 enim
1882 3997 1951 4053 ad
1983 4015 2082 4053 su-

476 4082 779 4154 perandam
808 4082 1094 4155 gentilium
1123 4081 1457 4139 ferocitatem
1479 4084 1704 4154 copiosa
1734 4087 2086 4159 ewangelicae

478 4178 605 4236 ﬁdei
637 4179 827 4235 claruit
852 4180 1117 4251 doctrina,
1152 4181 1251 4237 sed
1280 4181 1445 4237 etiam
1487 4191 1635 4237 tanta
1675 4185 1934 4239 virtutum
1963 4201 2085 4240 me-

480 4268 588 4323 ruit
644 4266 905 4323 illustrari
960 4270 1153 4341 gratia,
1211 4279 1267 4326 ut
1315 4270 1489 4327 ﬁlium
1534 4272 1797 4344 principis
1852 4274 2087 4330 civitatis

479 4356 730 4427 ejusdem
759 4358 876 4413 suis
896 4359 1148 4429 precibus
1168 4360 1483 4417 suscitatum
1515 4378 1547 4418 a
1576 4372 1753 4418 morte
1778 4364 2089 4419 restitueret

485 4444 816 4502 incolumem
849 4446 989 4503 vitae.
1017 4446 1138 4517 Quo
1159 4449 1424 4506 miraculo
1445 4451 1660 4507 territus
1676 4461 1852 4523 pater,
1875 4453 2087 4510 devota

484 4533 609 4590 fidei
648 4534 851 4590 Christi
880 4536 1081 4593 collum
1126 4539 1418 4606 summisit,
1450 4544 1709 4611 omnique
1737 4558 1930 4597 errore
1961 4542 2085 4598 dia-

480 4623 591 4679 boli
621 4641 659 4672 xc
690 4624 932 4693 excluso,
965 4641 1090 4683 cum
1123 4625 1233 4683 ﬁlio
1259 4637 1311 4683 et
1341 4629 1490 4684 omni
1523 4645 1861 4701 paganorum
1893 4632 2090 4687 multi-

477 4714 669 4770 tudine
697 4730 728 4768 a
757 4724 946 4772 sancto
974 4717 1252 4773 Mansuete
1297 4718 1639 4788 baptismatis
1671 4722 1866 4775 meruit
1898 4719 2056 4791 puriﬁ
2075 4753 2089 4763 -

477 4803 592 4860 cari
620 4804 861 4859 lavacro.
879 4806 1202 4861 .Emundata
1235 4807 1403 4877 igitur
1429 4809 1577 4863 omni
1608 4809 1878 4865 idolorum
1907 4827 2093 4881 super-

2181 3625 2289 3683 suit
2317 3634 2609 3697 pastorem,
2649 3624 2849 3697 quippe
2899 3638 3024 3680 cum
3051 3629 3320 3678 coaeteruo
3346 3620 3384 3650 "
3414 3620 3565 3696 Patre
3593 3625 3646 3673 et
3670 3617 3785 3690 Spi-

2187 3718 2293 3776 ritu
2349 3724 2539 3771 sancto
2567 3714 2792 3786 aequalis
2822 3713 3049 3769 Deitatis
3085 3709 3287 3768 obtinet
3322 3706 3641 3765 Trinitatem
3687 3722 3780 3779 per

2187 3813 2397 3869 infinita
2425 3812 2749 3869 saeculorum
2772 3824 2812 3857 η
2845 3810 3067 3867 saecula.
3125 3812 3299 3864 Amen
3317 3826 3383 3861 ιο.

2263 3906 2315 3959 3.
2344 3903 2478 3958 Post
2508 3917 2793 3958 excessum
2827 3900 2995 3973 igitur
3012 3895 3256 3970 praedicti
3286 3893 3612 3952 sanctissimi
3637 3908 3765 3966 pon-

2190 3999 2352 4057 tiﬁcis
2381 4008 2435 4056 et
2464 3998 2675 4073 egregii
2711 3998 2951 4054 doctoris
2980 3996 3099 4069 quis
3128 3994 3179 4051 ei
3207 3994 3265 4049 in
3305 3993 3437 4049 sede
3484 3992 3774 4064 episcopali

2189 4090 2533 4155 successerit,
2578 4104 2960 4143 memoremus.
3007 4086 3217 4140 Primus
3234 4092 3354 4155 post
3389 4098 3513 4138 eum
3543 4081 3771 4137 domum

2193 4184 2369 4235 Amon
2400 4180 2592 4247 (0.400
2609 4180 2659 4249 ἰν)
2706 4177 2983 4234 cathedrae
3040 4171 3361 4245 pontiﬁcalis
3414 4171 3645 4242 adeptus
3699 4178 3772 4225 est

2194 4278 2514 4350 dignitatem
2544 4276 2691 4349 (id);
2726 4275 2814 4348 qui
2845 4289 2966 4331 cum
2994 4272 3182 4328 eodem
3218 4269 3458 4326 videlicet
3495 4284 3596 4324 suo
3630 4284 3770 4339 prm-

2192 4369 2486 4424 decessore
2543 4366 2704 4421 beato
2759 4366 3040 4419 Mansueto
3095 4359 3385 4433 requiescit
3436 4358 3489 4413 in
3546 4356 3772 4414 ecclesia

2194 4459 2417 4530 praefata
2443 4454 2774 4512 sanctissimi
2826 4451 3197 4524 apostolorum
3254 4447 3514 4520 principis
3543 4446 3685 4500 Petri
3709 4447 3767 4510 ἰ,

2196 4547 2440 4616 Quorum
2471 4545 2704 4609 meritis,
2742 4543 2796 4597 id
2829 4551 2909 4596 est
2937 4540 3108 4595 sancti
3129 4536 3391 4593 Mansueti
3412 4543 3571 4607 atque
3595 4533 3769 4605 praeli-

2195 4637 2306 4691 bati
2337 4635 2482 4692 beati
2511 4632 2760 4698 Amonis,
2793 4629 3007 4703 plurimi
3036 4627 3291 4691 cecitatis,
3340 4626 3504 4696 leprae
3533 4639 3594 4680 ac
3622 4625 3667 4654 ⁸³
3691 4622 3767 4678 fe-

2197 4728 2308 4781 bris
2351 4732 2770 4793 ceterorumque
2805 4720 3139 4790 languorum
3190 4713 3489 4787 egritudine
3536 4712 3763 4780 detenti,

2194 4815 2503 4870 redduntur
2513 4811 2751 4867 sanitati.
2777 4809 2859 4864 Ad
2883 4823 3115 4879 quorum
3131 4803 3425 4877 patrocinia
3443 4801 3593 4857 multi
3614 4815 3763 4871 reges

477 4892 695 4951 stitiosa
720 4911 784 4952 ac
810 4909 948 4951 vana
992 4896 1260 4968 spurcitia
1290 4893 1344 4963 ³⁷,
1391 4897 1665 4955 ediﬁcavit
1702 4901 1779 4955 ibi
1836 4904 2070 4961 Domino
2099 4897 2151 4957 D
2183 4913 2234 4961 et
2260 4903 2534 4976 principes
2563 4901 2751 4957 venire
2781 4904 3191 4963 consueverant,
3213 4902 3374 4967 atque
3392 4906 3578 4948 eorum
3592 4889 3760 4946 locum

1762 5073 2011 5131 VARl/E
2054 5074 2448 5132 LECTIONES
2462 5116 2477 5129 .

545 5200 564 5229 ι
595 5196 682 5251 ita
712 5198 761 5262 2,
794 5195 946 5253 deest
977 5201 1035 5251 1.
1117 5198 1137 5226 ³
1185 5193 1383 5249 merito
1416 5197 1472 5248 3.

480 5341 538 5393 2.
632 5337 652 5367 ’
696 5340 849 5394 deest
888 5344 947 5395 2.
1047 5336 1088 5367 ¹⁰
1122 5340 1177 5394 in
1208 5343 1259 5393 2.
1291 5342 1348 5390 3.
1436 5334 1474 5365 ¹¹
1507 5341 1668 5395 etiam
1706 5343 1765 5397 2.

480 5408 673 5464 fundas
731 5412 782 5463 l.
871 5409 911 5439 “
943 5409 1111 5466 sterili
1142 5410 1216 5466 I?
1330 5405 1370 5436 ³⁸
1399 5408 1673 5468 diabolico
1720 5418 1773 5467 2.
1807 5416 1858 5468 3.
1973 5410 2017 5441 ³⁸⁷

481 5486 566 5533 est
598 5496 726 5536 vero
754 5480 814 5536 3.
909 5479 947 5509 “
973 5482 1033 5538 d.
1073 5491 1127 5537 et
1154 5483 1360 5538 desuut
1391 5485 1447 5535 2.
1486 5488 1544 5538 3.
1638 5480 1679 5509 ²¹
1734 5485 1850 5540 haec
1884 5487 1963 5540 1‘?

518 5551 599 5606 uis
624 5555 676 5604 3.
752 5548 793 5579 ’⁷
844 5553 1096 5608 omnibus
1125 5557 1178 5608 3.
1254 5551 1294 5580 "
1330 5562 1561 5612 aeterno.
1611 5557 1704 5611 13.

480 5566 653 5689 ίἕΜυη.
686 5622 779 5679 SS.
804 5622 899 5689 IV,
929 5638 988 5689 ρ.
1020 5626 1150 5689 487)
1190 5628 1464 5683 inseruit.
1510 5624 1551 5654 ”
1615 5644 1704 5689 pr.

476 5261 494 5288 .
531 5196 685 5288 fit}:
701 5195 946 5288 ἓί-,ιὲςιξξι
977 5201 1035 5288 1.-
1183 5193 1535 5288 Ffl‘ffl‘9.§:.-
1555 5195 1574 5223 '
1597 5199 1991 5288 armariis
2025 5201 2255 5288 Domine
2284 5197 2795 5288 άο.ηαηιρ.νεείτ.ξιυν
2828 5195 3176 5288 miratu“
3198 5206 3251 5288 ξ·
3286 5194 3341 5288 3-
3372 5192 3429 5287 3:

530 5265 852 5323 leuchorum
883 5267 932 5321 ‘2.
1013 5265 1032 5293 ⁸
1080 5267 1330 5322 videlicet
1352 5275 1541 5321 sancto
1597 5265 1881 5326 Mansueto
1920 5271 2148 5344 dignum
2180 5281 2262 5326 est
2317 5281 2373 5326 ut
2427 5271 2559 5325 add.
2592 5265 2645 5326 2'.
2680 5273 2732 5324 3.

530 5379 538 5392 .
632 5337 652 5367 ’
696 5340 849 5394 deest
888 5344 947 5395 2.
1047 5336 1088 5367 ¹⁰
1122 5340 1177 5394 in
1208 5343 1259 5393 2.
1291 5342 1348 5390 3.
1436 5334 1474 5365 ¹¹
1507 5341 1668 5395 etiam
1706 5343 1765 5397 2.
1854 5341 1896 5371 ¹²
1923 5344 1991 5398 de
2023 5360 2070 5397 s.
2128 5344 2330 5398 descen
2387 5343 2585 5398 auulsa
2612 5343 2671 5394 2.

1961 5362 1991 5397 e
2023 5360 2070 5397 s.
2128 5359 2330 5398 uescen
2387 5359 2585 5398 auulsa
2612 5359 2671 5394 τι.

1973 5410 2017 5441 ³⁷
2070 5414 2350 5477 puriﬁcata
2382 5415 2434 5473 1.
2548 5411 2585 5440 ¹⁸
2616 5414 2671 5465 de

2065 5483 2104 5513 ”
2155 5488 2361 5539 etenim
2391 5489 2441 5540 2.
2476 5484 2536 5539 3.

1788 5553 1827 5583 ”
1860 5557 2014 5612 deest
2050 5560 2099 5611 3.
2175 5556 2216 5584 ⁸⁰
2254 5556 2372 5613 Hoc
2391 5556 2508 5613 loco
2523 5560 2577 5614 2.
2597 5556 2777 5616 vitam
2795 5552 2855 5610 S.
2881 5550 3157 5608 Mansueti
3174 5548 3239 5605 ab
3256 5546 3483 5603 Adeone
3502 5544 3755 5617 scriptam

3523 5187 3543 5217 ‘
3573 5194 3691 5243 actu
3716 5186 3754 5241 ι.

2830 5265 2850 5296 ’⁷
2883 5257 2983 5321 fuit
3012 5265 3157 5321 enim
3199 5267 3251 5318 2.
3284 5266 3335 5316 3.
3417 5257 3435 5287 '
3479 5257 3755 5313 Scottorum

2757 5337 2797 5367 ¹²
2829 5339 2882 5394 b.
2916 5354 2987 5392 m.
3036 5336 3241 5391 desunt
3282 5334 3333 5388 2.
3372 5334 3424 5386 3.
3504 5327 3544 5357 ³⁸
3587 5328 3756 5401 repel;

2548 5381 2585 5440 ιζ
2740 5415 2792 5467 2.
2829 5381 3498 5481 "3..u"__ci_rc'umquasque
3514 5401 3613 5481 ΗΞ.
3649 5381 3696 5481 τ’
3721 5398 3760 5426 ’⁸

2619 5483 2659 5511 ³⁸
2694 5499 2746 5537 s.
2785 5482 2838 5536 d.
2872 5484 2929 5536 3.
3014 5478 3052 5506 ⁸⁸
3091 5478 3206 5532 irra
3246 5471 3356 5530 d'Iat
3386 5471 3435 5531 3⁷.
3513 5471 3552 5501 ’⁸
3617 5471 3755 5543 quis-

511 5622 653 5677 Mun.
686 5622 779 5679 SS.
804 5622 899 5691 IV,
929 5638 988 5695 p.
1020 5626 1150 5693 487)
1190 5628 1464 5683 inseruit.
1510 5624 1551 5654 “
1612 5644 1707 5700 pr.
1745 5641 1798 5682 a.
1831 5628 2045 5699 patrii,
2082 5634 2132 5683 3.
2210 5626 2253 5655 η
2313 5634 2367 5684 et
2397 5628 2451 5683 2.

2034 5754 2264 5811 NOTE.

559 5844 672 5915 (13)
702 5843 954 5915 Sequitur
973 5855 1162 5904 auctor
1177 5848 1351 5905 Vitam
1366 5891 1379 5905 .
1410 5852 1468 5907 S.
1492 5852 1840 5908 Mansuetiab
1856 5851 2077 5909 Adsone

490 5907 738 5972 fabulose
765 5907 1151 5990 conscriptam.

2245 5854 2362 5924 (14)
2392 5853 2521 5909 Haec
2537 5866 2756 5924 quoque
2784 5866 2852 5906 ex
2875 5845 3111 5906 Adsonis
3134 5844 3257 5904 Vita
3275 5844 3333 5902 S.
3355 5841 3622 5901 Mansueti
3642 5840 3724 5899 lib.
3743 5855 3757 5894 ι

2175 5924 2245 5982 ad
2272 5923 2434 5982 finem
2455 5923 2644 5983 hausta
2670 5930 2813 5982 sunt.
