3882 6448
167 478 281 536 449

1397 473 1623 531 GESTA
1663 474 1877 531 EPISC.
1920 472 2249 530 TULLENS.

3356 479 3464 539 450

166 620 245 659 ex
274 602 493 675 proprio
520 601 788 657 ditabant.
852 599 956 656 Era
984 599 1128 655 enim
1158 599 1268 654 illic
1294 599 1569 654 confluens
1618 600 1771 654 turba
1797 602 1849 660 A
1878 599 2100 669 ejusque
2121 597 2462 653 sacratissimi
2496 598 2735 671 corporis
2761 598 3027 670 depositio
3061 603 3125 657 17
3154 604 3274 659 Kal.
3299 605 3468 663 Octo-

166 692 579 747 advenientium
610 699 662 745 et
691 691 971 745 innumera
1001 688 1286 745 multitudo
1308 704 1627 759 pauperum,
1660 689 1775 757 qui-

164 781 279 836 bus
305 781 446 835 unde
478 781 720 835 viverent
749 786 914 833 erata
938 777 1186 832 ﬁdelibus
1215 779 1555 832 constitutum
1587 792 1599 846 ;
1632 777 1775 833 unde

164 886 347 939 usque
366 868 525 924 hodie
554 868 776 923 dicitur:
805 868 1266 923 Admatm'culam
1291 866 1485 923 damni
1500 867 1775 923 Mansueti

165 960 447 1016 θιασωηὶ
466 959 715 1014 Amnis.

245 1049 278 1101 4
309 1048 436 1103 Post
481 1062 642 1116 quem
704 1045 932 1115 adeptus
989 1052 1070 1100 est
1115 1043 1458 1114 pontiﬁcatus
1512 1046 1772 1100 honorem

164 1136 261 1194 vir
286 1136 540 1209 egregius
585 1135 806 1190 nomine
835 1135 1007 1190 Alcha
1062 1132 1123 1187 ⁸⁸.
1155 1132 1260 1202 Qui
1282 1133 1484 1205 proprii
1525 1132 1774 1188 vocabuli

167 1241 305 1280 usus
357 1224 667 1296 privilegio,
702 1239 865 1295 supra
918 1222 1022 1276 sibi
1074 1222 1423 1277 commissum
1479 1220 1521 1249 “
1549 1238 1773 1293 gregem

169 1313 407 1369 sollicito
430 1312 677 1384 vigilavit
701 1311 898 1367 studio.
929 1311 1125 1366 Alchos
1153 1311 1297 1366 enim
1330 1310 1509 1366 Eolice
1524 1310 1678 1366 albus
1735 1308 1775 1336 ³⁵

168 1415 371 1471 dicitur
389 1415 578 1470 Latiali
638 1413 678 1443 ⁸⁸
709 1414 981 1469 notamina
1037 1409 1099 1479 "’,
1132 1413 1259 1482 quia
1305 1411 1345 1439 "
1382 1413 1498 1484 ipse
1519 1412 1773 1468 virtutum

168 1505 530 1576 omnigenum
560 1502 756 1559 decore
772 1502 1070 1567 dealbatus,
1091 1501 1272 1558 verbis
1287 1501 1617 1571 etexemplis
1646 1516 1776 1557 oves

168 1593 281 1648 sibi
310 1593 540 1648 creditas
566 1592 721 1646 duxit
757 1591 826 1646 ad
854 1607 1150 1659 ammnum,

248 1682 436 1737 Pastor
450 1681 592 1737 ovile
603 1680 795 1745 bonus,
829 1696 934 1750 qua
962 1681 1162 1735 vellere
1178 1679 1411 1750 praevius
1435 1678 1580 1745 albo,

255 1768 1047 1841 Virginisagnusovisgrexque
1061 1766 1506 1823 omniscandidus
1517 1766 1675 1821 intrat
1708 1764 1771 1820 ⁸⁸.

247 1862 301 1913 5.
362 1858 440 1914 Eo
495 1874 627 1928 ergo
655 1859 723 1913 de
756 1865 927 1912 terrea
980 1856 1020 1883 ⁴⁶
1075 1857 1379 1912 calamitate
1426 1854 1466 1883 “
1498 1864 1769 1926 exempto.

1882 689 1994 743 bris
2048 688 2364 743 caelebratur
2407 687 2461 741 in
2511 687 2751 757 ejusdem
2810 690 3038 745 civitatis
3080 693 3359 763 suburbio,
3413 696 3472 751 in

1883 778 2108 832 ecclesia
2137 793 2297 846 quam
2353 777 2467 846 ipse
2496 778 2639 847 cepit
2687 786 2993 834 construere
3039 796 3072 835 a
3101 781 3470 841 fundamento.

1883 865 2113 935 Quique,
2144 874 2203 920 ut
2232 866 2285 919 in
2316 865 2464 920 libris
2492 866 2853 922 auctoralibus
2897 869 3176 939 reperitur,
3210 873 3474 943 tempori-

1882 954 1984 1009 bus
2011 954 2227 1009 Adriani
2259 954 2611 1009 crudelissimi
2641 956 2979 1025 imperatoris
3009 957 3170 1014 fuisse
3197 962 3477 1030 cognosci-

1883 1047 1967 1094 tur
1997 1041 2131 1109 (16).
2165 1038 2268 1107 Qui
2299 1055 2486 1094 omnes
2534 1040 2693 1094 totius
2719 1040 2868 1095 orbis
2922 1041 3020 1095 sub
3058 1059 3114 1097 se
3138 1042 3352 1113 judices
3378 1063 3474 1103 suo

1881 1128 2101 1183 nomine
2132 1127 2313 1183 vocari
2351 1127 2574 1182 censuit.
2624 1128 2787 1198 Cujus
2843 1138 3032 1199 quarto
3088 1148 3229 1188 anno
3284 1133 3475 1191 beatus

1883 1219 2025 1287 Aper
2096 1217 2383 1288 episcopus
2465 1217 2758 1285 ordinatus,
2837 1217 3122 1276 undecimo
3196 1222 3471 1281 hominem

1883 1305 2030 1360 exuit
2079 1303 2144 1359 ".

1951 1412 2011 1464 9.
2051 1407 2372 1464 Omittentcs
2413 1424 2544 1482 ergo
2592 1425 2657 1465 ea
2712 1426 2831 1479 qua:
2860 1410 2928 1465 de
2983 1426 3047 1465 eo
3073 1412 3187 1482 jam
3234 1413 3305 1469 ab
3357 1416 3476 1472 aliis

1881 1498 2079 1569 scripta
2101 1499 2367 1565 novimus,
2399 1514 2762 1553 successorum
2795 1499 2911 1568 ejus
2954 1508 3006 1554 et
3032 1508 3184 1573 gesta
3212 1503 3265 1557 in
3296 1520 3472 1573 quan-

1884 1594 1994 1640 tum
2038 1587 2287 1642 novimus
2337 1596 2390 1643 et
2432 1587 2651 1643 nomina
2700 1586 3015 1643 inseramus.
3049 1589 3313 1646 Successit
3342 1610 3471 1651 vero

1882 1675 1956 1730 illi
1984 1676 2215 1730 domnus
2260 1677 2483 1731 Albinus
2538 1674 2578 1703 ⁸ο
2609 1678 2723 1746 (17)
2756 1676 3040 1748 episcopus
3087 1680 3168 1734 vir
3222 1682 3474 1754 egregius

1882 1765 2136 1834 omnique
2163 1765 2401 1820 bonitate
2432 1764 2771 1834 conspicuus.
2820 1767 2872 1820 Is
2899 1766 3252 1823 desiderabile
3290 1779 3471 1827 votum

1881 1853 1962 1907 sui
1992 1854 2330 1924 prtecessoris
2358 1853 2691 1924 adimplevit,
2725 1861 2775 1908 et
2831 1854 3130 1923 ecclesiam,
3165 1874 3324 1926 quam
3354 1876 3470 1917 caa-

172 1945 423 2001 Celsinus
453 1946 624 2000 factus
652 1937 729 2001 est
786 1943 829 1973 ⁴²
859 1946 1160 2016 episcopus.
1213 1944 1314 2013 Qui
1345 1959 1556 1998 summa
1611 1944 1772 1998 celsi-
1800 1959 1853 2019 Β
1883 1950 2265 2011 peratsanctus
2292 1945 2452 2011 Aper,
2485 1942 2663 2014 sagaci
2694 1942 2867 1997 studio
2898 1943 3280 2015 perediﬁcavit.
3303 1952 3476 2021 Atque

173 2034 364 2090 tudine
395 2035 694 2091 divinarum
717 2033 1012 2106 gratiarum
1043 2034 1325 2101 exaltatus,
1359 2032 1513 2086 terris
1559 2033 1777 2087 emicuit

172 2124 476 2179 caelestium
507 2124 762 2179 virtutum
793 2123 1062 2199 operibus,
1092 2130 1146 2176 et
1173 2122 1298 2191 quia
1324 2120 1469 2175 ﬁdeli
1525 2121 1565 2150 "
1596 2129 1774 2176 mente

176 2217 502 2288 complexus
558 2224 636 2271 est
694 2216 981 2271 Dominum
1048 2215 1318 2270 excelsum
1374 2231 1534 2285 super
1588 2230 1777 2270 omnes

175 2314 393 2379 gentes,
428 2305 625 2359 idcirco
656 2304 724 2360 ab
772 2305 887 2376 ipso
913 2304 1176 2359 exaltatus
1204 2311 1285 2358 est
1310 2303 1365 2357 in
1394 2320 1561 2359 cornu
1589 2304 1774 2375 populi

171 2395 282 2450 sui.

250 2505 306 2557 6.
329 2499 449 2570 Quo
477 2500 603 2556 vitae
631 2498 791 2569 hujus
815 2515 1034 2554 excessu
1064 2498 1204 2554 facto
1234 2515 1355 2553 cum
1384 2499 1499 2554 Deo
1529 2498 1601 2568 (ε.
1624 2498 1771 2567 4⁵70),

175 2591 447 2662 Auspicus
502 2589 544 2617 “
574 2590 631 2643 in
656 2588 908 2658 praedicta
934 2587 1062 2643 sede
1109 2588 1283 2642 extitit
1307 2588 1583 2643 ordinatus
1637 2588 1772 2657 (i5),

174 2681 266 2737 vir
291 2680 532 2734 bonitate
583 2677 894 2747 prmelarus.
943 2677 1084 2731 circa
1112 2692 1236 2731 suos
1264 2676 1491 2731 sollicita
1540 2676 1775 2731 circum-

174 2768 455 2839 spectione
486 2766 614 2820 dum
669 2765 805 2822 vixit
830 2765 1130 2836 perspicax.
1184 2763 1446 2833 Quocirca
1499 2766 1778 2836 sempiter-

176 2886 310 2926 nam
340 2886 372 2924 a
402 2868 611 2925 Christo
657 2866 1145 2923 remunerationem
1175 2867 1388 2933 meruit,
1447 2874 1502 2921 et
1551 2882 1777 2923 consor-

176 2959 317 3014 tium
343 2973 699 3030 supernorum
730 2956 931 3012 civium
985 2972 1106 3011 cum
1136 2956 1317 3011 electis
1344 2956 1646 3027 pastoribus
1700 2964 1781 3012 est

176 3048 427 3119 adeptus.

250 3157 306 3209 ’7.
330 3153 461 3209 Inde
490 3168 720 3222 sequens
750 3158 830 3206 est
884 3152 1068 3219 Ursus,
1091 3151 1182 3220 qui
1214 3151 1270 3205 in
1300 3157 1504 3206 tantum
1559 3167 1776 3207 suorum

179 3248 414 3298 sectatus
439 3249 519 3297 est
547 3240 795 3312 vestigia,
853 3256 958 3310 quo
988 3240 1235 3295 credatur
1270 3257 1391 3295 cum
1421 3240 1527 3294 illis
1569 3240 1776 3311 sempi-

182 3340 335 3387 terna
366 3331 565 3403 perfrui
596 3331 770 3403 gloria
823 3328 885 3383 ⁴⁵.

256 3448 309 3498 8.
341 3442 435 3497 His
487 3442 529 3471 “
562 3442 635 3498 ita
662 3441 961 3510 transactis,
992 3439 1240 3513 largiﬂua
1268 3441 1652 3511 omnipotentis
1681 3441 1779 3496 Dei

181 3533 529 3589 miseratione
556 3531 871 3603 disponente
902 3546 965 3585 ac
992 3531 1169 3585 locum
1218 3531 1394 3600 ipsum
1426 3531 1782 3586 misericordi-

183 3630 266 3679 ter
291 3621 627 3693 respiciente,
686 3620 1051 3675 sanctissimus
1078 3620 1162 3677 vir
1189 3627 1241 3674 et
1260 3619 1613 3675 ammirandaz
1656 3621 1781 3677 vita

182 3712 464 3767 confessor
489 3710 719 3765 domnus
771 3710 916 3779 Aper
958 3708 1026 3762 ad
1058 3708 1271 3763 culmen
1299 3708 1540 3778 ejusdem
1596 3709 1781 3778 ponti-

183 3798 293 3855 ﬁcii
327 3803 399 3868 (c.
436 3802 581 3867 500),
614 3798 749 3852 sicut
774 3797 829 3850 in
858 3796 998 3851 libro
1042 3797 1167 3852 vitae
1195 3796 1311 3866 ejus
1338 3797 1552 3867 legitur,
1600 3805 1784 3867 raptus

184 3888 350 3943 fuisse
383 3887 677 3942 dinoscitur
728 3886 907 3955 potius
955 3901 1116 3955 quam
1166 3886 1381 3940 electus.
1455 3885 1558 3955 Qui
1623 3886 1781 3957 primi

182 3975 525 4049 praecessoris
576 3970 621 4003 ⁸⁷
648 3974 729 4029 sui
761 3974 945 4030 domni
974 3974 1234 4029 Mansueti
1263 3974 1778 4044 imitatusexempla,

184 4082 295 4121 non
326 4067 500 4120 solum
531 4064 788 4119 doctrinae
834 4064 1011 4133 copia,
1042 4064 1137 4118 sed
1167 4071 1220 4117 et
1246 4063 1573 4118 mirabilium
1622 4065 1784 4121 virtu-

186 4162 301 4211 tum
328 4154 523 4210 eﬁ‘ulsit
553 4152 806 4207 efﬁcatia.
859 4152 1088 4221 Quodsi
1139 4152 1229 4222 qui
1282 4168 1440 4207 nosse
1496 4153 1781 4221 desiderat,

190 4243 389 4299 librum
418 4243 542 4299 vita:
573 4241 688 4311 ejus
740 4240 780 4269 "
811 4241 1055 4312 perlegat
1086 4256 1098 4309 ;
1133 4248 1185 4294 et
1216 4241 1323 4295 illie
1352 4242 1581 4312 pleniter
1626 4242 1784 4297 inve-

187 4333 319 4389 niet.
350 4330 450 4388 Hic
477 4339 682 4401 septem
723 4330 879 4386 annis
933 4328 1225 4401 pontiﬁcali
1257 4329 1383 4385 sedc
1448 4330 1660 4385 functus
1686 4338 1783 4400 est,

1885 2031 2016 2085 inibi
2045 2029 2231 2085 fideles
2259 2031 2529 2097 viros,sub
2542 2031 2906 2102 apostolorum
2937 2033 3170 2089 victuros
3199 2040 3470 2110 exemplo,

1884 2135 2209 2191 aggregans,
2242 2120 2592 2190 apostolicum
2620 2126 2945 2190 prmeeptum
3003 2120 3040 2149 "
3064 2123 3132 2178 de
3156 2125 3346 2181 eodem
3378 2144 3474 2183 ce-

1883 2209 2047 2264 nobio
2081 2217 2266 2262 nactus
2312 2216 2391 2262 est
2418 2225 2449 2262 a
2478 2208 2701 2262 summis
2726 2208 3071 2278 pontiﬁcibus
3128 2221 3285 2283 atque
3332 2232 3474 2272 mar-

1884 2297 2087 2368 tyribus
2108 2297 2381 2365 Stephano
2411 2304 2464 2351 et
2492 2296 2729 2353 Fabiano
2759 2298 2894 2368 (18),
2934 2306 2991 2352 ut
3018 2299 3073 2354 in
3089 2302 3472 2372 antiquissimis

1882 2385 2183 2455 repperitur
2211 2386 2574 2440 thomocartis.

1957 2505 2042 2556 10.
2076 2503 2199 2556 Post
2238 2518 2397 2570 quem
2455 2502 2750 2557 Trisoricus
2805 2504 3058 2560 cathedra
3112 2504 3154 2536 “
3181 2508 3473 2583 episc0pali

1885 2598 1964 2646 est
1992 2591 2327 2645 sublimatus.
2379 2593 2501 2661 Ipse
2522 2607 2734 2661 quoque
2782 2608 2888 2646 non
2920 2593 3143 2651 inferior
3191 2600 3478 2668 superiori-

1883 2680 2003 2747 bus,
2034 2695 2133 2750 pro
2164 2695 2320 2748 posse
2350 2679 2403 2732 in
2434 2679 2632 2735 divinae
2660 2681 2935 2752 religionis
2991 2683 3202 2740 fervore
3230 2686 3330 2741 sibi
3354 2705 3475 2743 cre-

1884 2767 2022 2823 ditas
2049 2784 2178 2823 oves
2233 2768 2499 2839 sagaciter
2520 2767 2668 2839 pavit
2722 2767 2888 2822 divini
2919 2769 3118 2841 eloquii
3174 2774 3394 2844 pabulo,
3426 2786 3480 2834 et

1886 2858 1954 2911 ad
2001 2872 2232 2925 superna
2314 2856 2468 2910 duxit
2547 2857 2680 2912 atria
2753 2857 3092 2913 imitabilium
3152 2859 3192 2889 ⁸⁸
3222 2863 3475 2922 virtutum

1885 2946 2135 3016 exemplo
2148 2986 2161 2999 .

1960 3050 2045 3101 11.
2078 3047 2285 3103 Deinde
2314 3047 2574 3103 Dulcitius
2601 3048 2877 3103 communi
2933 3050 3208 3109 voluntate
3252 3055 3476 3128 parique

1884 3136 2059 3206 plebis
2087 3136 2321 3207 clerique
2377 3134 2417 3164 “
2441 3136 2663 3192 consilio
2728 3135 2766 3164 ⁵⁵
2796 3139 3080 3209 episcopus
3133 3150 3211 3197 est
3257 3144 3479 3203 ordina-

1888 3233 1968 3280 tus
1996 3223 2057 3279 ⁸⁸.

1804 3314 1856 3379 C
1959 3332 2045 3384 12.
2078 3328 2203 3383 Post
2229 3330 2371 3383 hunc
2395 3328 2568 3383 extitit
2594 3328 2841 3385 Praemon
2902 3327 2960 3383 ".
2993 3331 3090 3387 Hic
3117 3332 3285 3390 divini
3312 3336 3479 3407 juva-

1886 3417 2047 3472 minis
2076 3418 2277 3473 auxilio
2308 3417 2676 3489 praemunitus,
2726 3426 2909 3474 contra
2938 3420 3240 3491 spirituales
3295 3428 3482 3497 nequi-

1889 3508 1989 3562 tias
2040 3507 2264 3562 viriliter
2316 3506 2571 3562 certando
2623 3506 2863 3576 bellavit,
2922 3517 3081 3579 atque
3143 3511 3477 3573 subditorum

1888 3602 2095 3651 mentes
2123 3595 2372 3651 evincere
2427 3595 2619 3650 Christi
2650 3597 2828 3651 hostes
2872 3597 3105 3653 studiose
3135 3606 3475 3671 praemonuit.

1889 3682 1993 3753 Qui
2050 3682 2251 3738 scilicet
2300 3684 2511 3753 praefati
2569 3692 2747 3755 patres
2795 3701 2899 3755 qua
2949 3686 3212 3760 religione
3267 3694 3481 3762 qualive

1889 3773 2052 3829 modo
2084 3773 2138 3827 in
2166 3774 2267 3828 hac
2295 3774 2422 3829 sedc
2452 3769 2699 3829 vixerunt
2728 3782 2885 3845 atque
2917 3775 2971 3829 in
3000 3776 3097 3832 Dei
3127 3794 3300 3836 messe
3320 3781 3481 3839 labo-

1888 3871 2160 3929 raverunt,
2225 3862 2515 3934 plurimum
2570 3871 2733 3919 restat
2767 3880 2799 3918 a
2827 3864 2984 3919 nobis
3039 3870 3479 3956 praetermissum,

1892 3950 2036 4020 quod
2066 3950 2274 4021 pridem
2301 3950 2371 4005 ab
2398 3950 2789 4020 antiquioribus
2814 3952 3043 4008 habetur
3067 3956 3393 4028 neglectum.

1962 4069 2047 4121 13.
2079 4066 2359 4121 Abstracto
2380 4073 2559 4121 autem
2591 4067 2659 4121 ab
2690 4070 2791 4123 hac
2816 4067 2933 4124 luce
2987 4073 3298 4144 praescripto
3327 4075 3478 4133 Prsa-

1889 4170 2070 4222 mone,
2124 4155 2459 4209 Autmundus
2505 4156 2778 4212 ordinatus
2824 4166 2904 4213 est
2958 4160 3259 4232 episcopus.
3321 4166 3485 4236 Cujus

1891 4242 2093 4297 affabili
2115 4243 2355 4298 bonitate
2382 4244 2533 4297 multi
2565 4260 2660 4299 suo
2694 4254 2935 4317 tempore
2964 4248 3250 4321 diligentes
3276 4268 3339 4309 ac
3392 4272 3485 4311 re-

1891 4331 2161 4401 quirentes
2190 4333 2385 4402 Deum,
2446 4333 2571 4389 odio
2631 4343 2909 4406 coeperunt
2950 4338 3152 4395 habere
3202 4344 3479 4404 saeculum.

1489 4509 1715 4567 VARIE
1766 4509 2067 4568 LECTION
2074 4511 2178 4568 ES.

277 4688 319 4771 ’ξ
355 4690 512 4771 altaria
541 4695 591 4747 3-
647 4685 690 4771 tt
720 4687 990 4771 «amissi
1023 4693 1100 4771 ιε.
1136 4683 1216 4771 -t‘

188 4763 230 4793 ⁴¹
272 4765 429 4820 deest
458 4766 507 4816 1.
645 4760 690 4790 ⁴¹
717 4762 872 4818 deest
903 4766 953 4816 3.
1060 4760 1101 4789 “
1131 4758 1255 4815 ﬁdei
1299 4765 1328 4815 3

183 4922 310 4978 qua:
336 4908 540 4978 infra“:

565 5046 605 5074 ‘°
635 5045 917 5101 albauldus
945 5062 1091 5101 corr.
1122 5060 1235 5101 rec.
1268 5061 1447 5099 manu
1468 5046 1678 5100 albinus
1709 5050 1761 5100 2.

471 5115 510 5145 “
566 5118 691 5172 cleri
746 5133 808 5172 ac
837 5116 1012 5185 plebis
1043 5121 1093 5169 3.
1184 5111 1223 5142 ⁵⁵
1253 5131 1513 5169 consensu
1544 5120 1595 5171 2.

184 5048 465 5104 inseruit.

186 5116 284 5172 bili
330 5123 379 5173 3.

1576 4684 1617 4717 "
1647 4688 1819 4745 latiari
1843 4694 1894 4745 3.

1198 4761 1255 4841 (εἰ
1299 4765 1328 4815 3
1436 4761 1494 4841 βξ
1523 4761 1755 4841 aspicias
1787 4767 1860 4841 _3_.
1884 4778 2039 4841 corr,
2072 4761 2340 4841 auspicius
2387 4766 2439 4817 2.
2490 4834 2504 4841 _
2524 4761 2565 4841 ξ’
2599 4764 2691 4818 Sui
2721 4781 2953 4841 namque
2973 4770 3207 4825 nominis
3228 4761 3484 4832 ferociam

188 4843 376 4890 contra
406 4835 536 4889 vitia
565 4833 820 4899 imitatus,
875 4832 1337 4887 mansuetudinem
1398 4832 1649 4887 virtutum
1680 4831 2021 4888 laudabiliter
2046 4841 2126 4887 est
2152 4831 2404 4902 sequutus
2431 4834 2560 4890 add.
2582 4839 2636 4889 2.
2669 4839 2721 4890 3.

575 4904 678 4973 Qui
708 4919 894 4959 omnes
924 4903 1083 4958 totius
1102 4902 1247 4957 orbis
1272 4934 1344 4943 —
1371 4904 1645 4958 hominem
1667 4904 1851 4973 exivit,

185 4972 324 5033 seris
351 4972 421 5031 2.7
491 4974 530 5004 "
564 4976 653 5043 qui
684 4975 1033 5046 apudlocum
1065 4972 1293 5043 sepulcri
1322 4974 1464 5027 illius
1503 4975 1729 5029 habetur
1756 4972 1888 5046 add.
1916 4980 1969 5030 2.
2005 4980 2059 5030 3.

1884 4921 1913 4960 e
1942 4921 2087 4962 corr.
2114 4910 2304 4960 tamen
2325 4921 2426 4960 suo
2448 4906 2563 4962 loco
2593 4908 2890 4963 restituta.

1855 5044 1894 5075 ⁵¹
1925 5046 2267 5121 privilegium
2307 5052 2387 5121 2._
2428 5046 2469 5074 θ’
2497 5049 2784 5104 chatbedra
2829 5055 2883 5106 2.
2911 5055 3135 5121 sapius.

1982 4684 2024 4719 ιτ
2053 4687 2270 4763 nomine
2301 4692 2349 4745 ι,
2408 4684 2449 4719 ⁸·
2479 4696 2611 4763 eia.
2646 4696 2695 4747 3.
2754 4686 2795 4722 “
2823 4693 2973 4750 intra»
3001 4702 3051 4752 3.
3103 4695 3315 4758 “terra
3346 4706 3395 4759 t.
3428 4705 3481 4763 2.

2827 4836 2868 4864 “
2901 4842 2951 4892 3.
3010 4846 3146 4897 ante
3201 4844 3297 4898 His
3348 4847 3481 4904 add.

2153 4908 2567 5003 tt”$’3.‘“?.’.‘i"2
2593 4908 2890 5003 li'iff‘iu‘iﬁ-
2921 4994 2951 5003 _
2977 4908 3020 4995 τ’
3210 4916 3487 5003 sederes:

2225 4977 2338 5071 Eos.
2392 4977 2777 5071 animi?
2825 4984 2882 5071 ει
2917 4977 3313 5071 miraculae
3348 4988 3488 5071 Apri

3230 5054 3269 5084 ⁸⁸
3297 5054 3486 5116 imita-

1691 5114 1748 5189 “_
1781 5118 1895 5172 Nec
1925 5114 2243 5187 ‘immerito,
2302 5118 2427 5188 quia
2482 5136 2602 5174 cum
2659 5120 2892 5176 nominis
2945 5114 3229 5181 dulcedine
3282 5114 3488 5189 mellita

190 5190 447 5272 adluebat
475 5205 684 5272 morum
706 5189 1002 5272 honestate,
1036 5195 1088 5267 et
1117 5186 1261 5272 velut
1281 5202 1410 5255 apes
1434 5187 1866 5272 prudentissima
1903 5186 2365 5272 [prudentissimas
2384 5206 2544 5272 corr.“
2566 5191 2996 5272 “prudentissima
3047 5197 3127 5269 2.]
3184 5197 3239 5253 in
3294 5186 3487 5272 subje;

190 5268 397 5317 ctorum
427 5259 680 5316 cordibus
708 5259 813 5331 pia:
831 5258 1109 5331 religionis
1141 5256 1293 5315 favos
1312 5259 1647 5330 aggregabat
1674 5260 1805 5315 add.
1836 5256 1975 5318 2.3.

2090 5258 2133 5291 ⁸⁷
2160 5262 2444 5332 episcopus
2471 5258 2675 5321 adt/1:2.
2712 5268 2762 5318 3.

1711 5410 1917 5469 NOTzE
1930 5455 1943 5469 .

265 5565 379 5635 (16)
410 5564 596 5619 Exstat
640 5560 866 5635 epistola
909 5560 1026 5631 ejus
1072 5558 1294 5635 metrica
1321 5559 1390 5616 ad
1436 5557 1789 5632 Arbogastem
1819 5564 1873 5625 D

192 5634 471 5707 comitem,
505 5636 785 5707 Duchesne
815 5634 858 5707 I,
892 5650 1034 5707 pag._
1053 5634 1175 5707 8y.

266 5709 379 5777 (16)
422 5699 483 5761 In
555 5706 851 5777 VitaiApri
892 5699 1039 5777 apud
1093 5703 1649 5777 MarteniumAThess.
1693 5699 1786 5768 III,

194 5773 444 5849 p.1030.
478 5779 609 5849 Acta
631 5776 759 5849 _SS.,
797 5776 954 5849 Sept.
979 5775 1043 5841 V,
1075 5790 1205 5849 pag.
1239 5778 1305 5829 87
1336 5773 1532 5849 legitur
1549 5781 1790 5849 sanctum

161 5818 398 5919 .iprum
419 5849 488 5903 ad
516 5818 830 5912 Adrianlim,
860 5818 957 5919 qui
976 5818 1180 5919 patricio
1191 5818 1459 5919 tempoFis
1476 5847 1537 5900 in
1549 5848 1793 5919 praefata

198 5915 562 5995 uieejudigi:
578 5919 832 5995 ofﬁcium
854 5915 1176 5995 exhibebat,
1194 5915 1652 5995 acc_essisse,quod
1669 5915 1795 5995 huic

201 5986 448 6064 opinioni
470 5986 772 6046 falsissimae
806 6002 992 6044 ansam
1012 5986 1245 6058 dedisse,
1276 5988 1513 6044 Martene
1561 5986 1790 6058 putavit.

1904 5633 1951 5655 μ
2194 5567 2512 5655 Albau‘ldus
2532 5569 2782 5653 legimus,
2809 5569 2984 5655 idem
3001 5573 3225 5655 fortasse
3263 5587 3343 5637 est
3368 5653 3375 5655 Α
3397 5585 3491 5655 qui

1900 5638 1955 5687 in
1986 5638 2215 5712 concilio
2243 5638 2612 5712 Aureliaeensi
2649 5643 2775 5697 anni
2807 5647 2908 5700 549
2955 5646 3179 5703 Alodius
3232 5638 3490 5712 nominis:

1902 5708 2317 5796 tur,ﬂCenc.‘ed.
2349 5711 2607 5766 Harduin.
2641 5715 2710 5781 Π,
2748 5716 2903 5796 itis.
2951 5718 3115 5796 Certe
3141 5721 3229 5779 hic
3274 5708 3491 5796 episco-

1901 5791 2093 5861 porum
2118 5779 2255 5861 prelo
2280 5796 2390 5861 non
2421 5798 2676 5861 magnam
2693 5779 3129 5861 mereturﬁdem.

1975 5849 2087 5916 (18)
2118 5851 2250 5923 'I:oto
2274 5851 2367 5923 hic
2388 5849 2579 5923 auctor
2605 5853 2819 5911 aberrat
2845 5859 2982 5915 coelo
3012 5859 3063 5915 in
3095 5862 3313 5920 nomine
3341 5882 3492 5923 sum-

1901 5934 2111 6003 morpm
2139 5920 2397 6003 Stephani
2425 5931 2479 5977 et
2507 5923 2748 5996 Fabiani,
2772 5930 2863 5998 qui
2892 5930 3054 6003 longe
3083 5942 3205 5989 autc
3231 5920 3488 5998 Albinum

1900 5985 2173 6049 vivebant.
2206 5985 2385 6048 MART.
