3882 6484
120 512 229 568 457

1324 510 1554 569 GESTA
1594 508 1804 567 EPISC.
1855 508 2205 566 TULLENS.

1336 13 3771 111 ,κτα-*μὶ-

3308 512 3410 567 438

121 634 331 704 priani;
366 649 509 690 nunc
547 637 730 688 autem
771 642 848 688 est
908 635 1263 705 transpositus
1318 650 1476 691 secus
1535 634 1945 693 altareAcum
1989 631 2240 698 ecclesia,
2293 638 2417 688 octo
2468 640 2527 671 ιιι
2584 648 2802 706 quoque
2866 650 3092 689 mansos
3155 635 3208 689 in
3267 636 3414 691 Bella

120 721 291 777 sancti
321 723 465 777 Petri
493 723 863 793 apostolorum
893 723 1181 793 principis.

191 822 286 872 28.
328 820 453 873 Post
493 835 653 890 quem
684 820 918 874 domnus
946 821 1222 875 Arnaldus
1260 822 1567 891 episcopus,
1595 822 1708 874 Deo

117 913 355 982 favente,
372 915 675 986 suscipiens
688 915 976 971 ecclesiam
993 917 1104 984 (59)
1129 919 1294 987 (8'72),
1312 925 1528 972 secutus
1545 933 1712 970 avun-

119 1003 228 1059 culi
256 1003 340 1058 sui
369 1005 615 1075 praedicti
644 1003 912 1075 pontificis
935 1005 1183 1076 vestigia,
1200 1005 1470 1060 rexiteam
1488 1006 1575 1077 pio
1589 1020 1710 1059 mo—

119 1100 403 1156 deramine
447 1100 606 1156 annis
641 1105 736 1158 23.
776 1100 879 1169 Qui
901 1099 961 1129 ¹³⁸
998 1101 1246 1172 quamvis
1278 1101 1332 1155 in
1361 1118 1494 1157 cura
1523 1101 1712 1174 gregis

118 1196 282 1260 atque
308 1194 557 1259 profectu
612 1189 858 1245 ecclesia
905 1188 1008 1243 sibi
1039 1190 1345 1244 commissa}
1401 1206 1508 1245 non
1539 1205 1712 1260 parvo

118 1287 299 1340 studio
327 1286 649 1355 elaboraret,
681 1288 953 1357 praecipue
983 1296 1164 1342 tamen
1193 1289 1423 1342 orationi
1454 1288 1709 1353 intentus,

121 1383 177 1429 et
202 1390 350 1430 curre
378 1391 679 1447 egenorum
707 1376 882 1430 extitit
911 1376 1068 1448 larga
1115 1392 1278 1430 manu
1297 1375 1357 1404 ¹³⁹
1410 1374 1709 1431 beneficus.

120 1463 223 1518 Hic
276 1463 566 1534 adquisivit
620 1463 907 1519 ecclesiam
948 1473 1002 1519 et
1045 1468 1075 1519 4
1113 1479 1336 1518 mansos
1393 1464 1624 1519 Frabodi
1654 1463 1714 1492 ¹⁴⁰

121 1558 296 1616 curte,
329 1559 383 1606 et
409 1567 442 1605 a
471 1568 602 1624 rege
633 1553 835 1607 Karalo
866 1554 898 1608 7
927 1568 1147 1607 mansos
1175 1553 1229 1606 in
1261 1552 1319 1581 “1
1374 1552 1610 1617 Oscado,
1662 1561 1716 1607 et

122 1651 157 1701 6
188 1663 412 1703 mansos
470 1649 524 1702 in
554 1649 806 1703 Waldini
855 1649 983 1704 villa
1039 1658 1091 1704 et
1124 1651 1177 1704 in
1231 1651 1499 1705 Cretenau
1556 1658 1610 1704 et
1661 1650 1716 1705 in

121 1736 275 1791 Rusb
305 1736 384 1790 “’.
419 1737 672 1808 Sepultus
703 1738 870 1809 igitur
899 1738 1124 1793 habetur
1162 1739 1215 1791 in
1243 1738 1498 1808 praedicta
1547 1739 1718 1807 cripta

124 1832 200 1887 ad
231 1834 484 1889 Sanctum
515 1836 744 1905 Aprum,
775 1835 1048 1890 decedens
1096 1835 1164 1889 ab
1224 1835 1379 1903 hujus
1440 1834 1624 1890 saeculi
1656 1833 1716 1861 ³⁸⁸

124 1931 363 1984 erumnis
399 1931 592 1984 Nonas
621 1931 925 1985 decembris
956 1932 1103 1999 (894,
1146 1932 1271 1987 Dec.
1308 1932 1381 2001 5),
1416 1948 1560 1985 nunc
1592 1947 1717 1985 vero

117 2019 271 2087 jacet
315 2020 674 2089 transpositus
699 2019 851 2089 juxta
880 2019 1052 2074 altare
1082 2020 1254 2074 sancti
1284 2020 1445 2089 primi
1502 2028 1720 2090 aposto-

125 2107 304 2163 lorum
340 2109 505 2162 Petri.

199 2208 289 2261 29.
342 2203 505 2273 Cujus
562 2212 684 2275 post
738 2203 943 2258 obitum
998 2204 1307 2275 irruperunt
1330 2213 1388 2243 ω
1439 2203 1727 2259 ecclesiam

128 2307 353 2363 rapaces
382 2291 512 2362 lupi,
546 2294 686 2347 sicut
736 2294 795 2345 in
832 2294 971 2347 ovile
1003 2309 1031 2346 a
1061 2301 1278 2362 pastore
1321 2293 1527 2356 relicto,
1590 2308 1729 2364 quo-

130 2398 255 2435 rum
286 2381 561 2436 morsibus
593 2397 697 2436 non
733 2381 960 2435 minima
1017 2380 1199 2437 afﬁcta
1258 2391 1335 2435 est
1372 2380 1727 2446 laceratione,

136 2478 192 2525 et
221 2485 344 2525 cum
376 2470 553 2525 adhuc
608 2470 718 2525 vita
777 2470 982 2541 sperari
1038 2476 1248 2540 posset,
1282 2468 1521 2540 peccatis
1550 2470 1733 2539 impe-

135 2558 429 2623 dientibus,
460 2565 571 2613 tota
602 2558 785 2613 civitas
842 2559 1281 2614 concrematione
1318 2557 1555 2613 incendii
1605 2556 1732 2611 fun-

133 2648 281 2701 ditus
311 2648 429 2700 visa
460 2654 542 2701 est
571 2646 843 2713 desolari;
876 2648 976 2701 sed
1008 2646 1225 2701 Domini
1244 2646 1509 2701 immensa
1535 2646 1732 2716 pietas,

134 2735 231 2806 qui
276 2734 655 2805 delinquentes
694 2735 869 2803 perire
917 2750 1025 2790 non
1081 2733 1212 2801 vult,
1255 2734 1300 2788 si
1348 2734 1415 2787 ad
1460 2749 1582 2789 eum
1625 2741 1737 2789 toto

137 2823 305 2879 corde
335 2823 613 2888 redierint,
645 2822 943 2878 condolens
975 2823 1221 2878 ecclesiae
1252 2839 1364 2878 sua“:
1428 2821 1735 2893 dispendio,

137 2929 193 2977 et
222 2921 576 2978 considerans
624 2920 893 2994 gregis”
924 2920 1005 2975 sui
1037 2921 1384 2985 detrimenta,
1410 2937 1478 2975 ne
1504 2935 1562 2965 m
1594 2920 1741 2976 velut

139 3010 492 3066 errabundus
540 3010 951 3081 relinqueretur
979 3010 1033 3063 in
1065 3010 1305 3075 deserto,
1340 3009 1599 3064 domnum
1632 3008 1741 3062 Lu—

137 3100 417 3172 gdelmum
441 3104 503 3139 ¹ι⁷
531 3114 744 3167 magnae
775 3098 1090 3169 sagacitatis
1122 3099 1319 3163 virum,
1341 3097 1517 3152 eidem
1550 3097 1667 3151 urbi
1688 3097 1741 3150 in

138 3196 355 3250 tristitia
414 3194 624 3250 sedenti
680 3211 948 3266 reponere
991 3191 1049 3221 “°
1100 3195 1353 3266 dignatus
1412 3203 1493 3249 est
1551 3203 1744 3266 pasto-

140 3301 258 3340 rem
296 3285 473 3355 (895).
514 3284 616 3352 Qui
647 3293 843 3356 quanta
885 3282 1093 3338 fortiter
1149 3283 1258 3337 illic
1315 3282 1577 3337 adversus
1634 3291 1742 3336 tam

144 3374 361 3428 ﬂebilen
419 3381 472 3427 et
525 3372 876 3428 lacrimosam
933 3371 1291 3426 vastationem
1355 3371 1562 3442 egerit,
1623 3371 1738 3440 ipsa

143 3463 387 3531 ejusdem
438 3461 621 3531 templi
651 3469 813 3532 atque
843 3461 996 3514 urbis
1055 3460 1380 3515 restauratio
1446 3459 1727 3528 patefceit.

138 3552 263 3606 Non
289 3559 497 3605 tantum
526 3550 670 3604 enirn
729 3550 797 3604 ad
855 3549 1147 3619 pristinum
1205 3549 1377 3603 decus
1437 3548 1734 3603 secundum

138 3662 293 3702 suum
329 3663 489 3717 posse
520 3645 836 3702 eccclesiam
871 3646 1120 3712 restituit,
1161 3644 1255 3700 sed
1289 3644 1450 3699 etiam
1483 3644 1736 3715 ampliori

137 3753 192 3800 et
228 3744 405 3800 altiori
436 3743 650 3814 fastigio
680 3760 803 3798 eam
835 3742 1133 3797 sublimare
1170 3741 1470 3797 honorifice
1508 3742 1731 3805 studuit,

133 3849 350 3889 necnon
381 3841 432 3887 et
461 3831 661 3887 decore
694 3833 1023 3888 clericorum
1066 3831 1437 3902 nobiliumque
1469 3831 1734 3886 laicorum

133 3929 301 3994 atque
331 3921 677 3992 patrimoniis
709 3930 1053 3976 terrenarum
1089 3937 1289 3986 rerum,
1324 3928 1583 3990 quantum
1629 3936 1732 3973 va-

131 4010 252 4076 luit,
308 4010 514 4064 ditavit.
583 4009 892 4080 Adquisivit
955 4009 1124 4064 etiam
1184 4010 1510 4062 abbatiolam
1561 4008 1735 4065 sancti

132 4099 350 4167 Pientii,
398 4114 560 4170 quam
582 4101 642 4132 ιη
670 4098 907 4154 l’retoria
967 4098 1062 4153 Dei
1118 4096 1435 4151 ﬁdelissima
1488 4097 1730 4160 dederat,

133 4197 190 4244 et
221 4188 421 4242 villiam
448 4202 565 4258 quae
600 4186 905 4242 Videliacus
936 4187 1151 4251 dicitur,
1185 4202 1347 4257 quam
1390 4185 1459 4240 ad
1492 4202 1733 4240 mensam

135 4277 535 4334 canonicorum
566 4275 787 4329 tradidit
810 4277 943 4345 (60),
971 4283 1239 4330 eotenore
1270 4283 1325 4328 ut
1370 4275 1553 4328 diatim
1573 4274 1739 4328 missa

133 4365 378 4422 omnium
433 4363 672 4418 fidelium
727 4363 1098 4419 defunctorum
1156 4363 1221 4417 ad
1272 4364 1388 4432 ejus
1416 4363 1733 4419 memoriam

134 4455 515 4512 celebraretur
535 4463 614 4506 ιοο.
660 4453 926 4507 Monetam
978 4452 1145 4507 etiam
1198 4451 1431 4506 civitatis
1492 4460 1544 4506 et
1592 4456 1733 4505 telo—

132 4559 302 4598 neum
331 4558 450 4597 cum
477 4540 813 4595 immunitate
842 4540 1131 4595 comitatus
1158 4555 1190 4594 a
1212 4556 1341 4611 rege
1362 4540 1639 4594 Ludovino
1674 4538 1733 4566 ¹⁵¹

133 4634 454 4703 impetrans,
512 4644 723 4685 necnon
765 4637 818 4683 et
868 4636 1163 4684 mercatum
1215 4629 1447 4683 civitatis
1488 4628 1734 4683 ecclesiae

1816 716 1941 771 villa
1974 717 2085 783 (62)
2118 723 2169 770 et
2195 715 2250 769 in
2279 717 2568 771 Rauserias
2607 726 2660 772 et
2706 719 2761 772 in
2804 719 3062 774 Melarido
3109 728 3162 773 et
3190 720 3246 773 in
3276 721 3410 774 Mer-

1818 804 2009 860 bachia
2042 800 2101 832 ¹⁵⁵
2129 819 2251 859 cum
2299 804 2548 860 ecclesia.
2581 807 2781 862 Nactus
2836 815 2920 863 est
2947 824 3162 879 quoque
3192 823 3223 863 a
3278 824 3411 878 rege

1818 892 2045 948 Arnulfo
2076 893 2365 948 ecclesiam
2396 893 2464 948 de
2497 894 2751 949 Gundulﬁ
2784 895 2911 949 villa
2941 913 3026 960 m,
3061 904 3115 951 et
3171 898 3221 950 in
3269 912 3411 970 pago

1819 980 2073 1036 Liuvensi
2101 985 2168 1036 20
2201 998 2426 1037 mansos
2458 983 2515 1037 in
2544 983 2684 1039 villis
2714 1000 2837 1055 quae
2859 984 3109 1040 dicuntur
3138 986 3409 1053 Wandra,

1821 1077 1985 1133 Savia
2016 1075 2095 1145 δ”,
2140 1078 2382 1145 Retines,
2424 1087 2477 1133 et
2532 1080 2799 1150 capellam
2842 1082 2910 1137 de
2966 1082 3128 1138 Arvia
3159 1078 3255 1150 ³⁵⁸;
3287 1094 3336 1139 et
3378 1099 3411 1138 a

1822 1182 1953 1236 rege
1984 1166 2329 1222 Zendebaldo
2361 1167 2672 1238 impetravit
2715 1169 2902 1224 silvam
2947 1170 3193 1226 ecclesiae
3242 1173 3414 1228 sancti

1822 1254 2079 1324 Stephani
2108 1256 2265 1309 sitam
2295 1256 2349 1309 in
2376 1256 2629 1312 Gundulii
2677 1257 2802 1313 villa
2823 1255 2881 1285 ¹⁶⁹
2911 1258 3137 1313 liberam
3192 1277 3315 1316 esse
3346 1263 3415 1315 ab

1821 1346 1967 1400 omni
2001 1344 2202 1409 banno,
2236 1352 2289 1399 et
2318 1346 2568 1400 homines
2610 1347 2781 1402 sancti
2812 1348 3071 1417 Stephani
3106 1366 3228 1403 esse
3276 1349 3418 1406 libe—

1823 1447 1915 1487 ros
1956 1447 1986 1485 a
2010 1433 2257 1487 custodia
2288 1432 2505 1487 forestis
2532 1433 2781 1504 ejusdem
2827 1436 2987 1501 villae,
3021 1436 3183 1505 Cujus
3215 1440 3417 1496 sancti-

1822 1536 1989 1583 tatem
2024 1537 2077 1583 et
2122 1545 2288 1597 opera
2338 1529 2533 1594 felicia,
2571 1530 2616 1584 si
2658 1542 2759 1601 per
2805 1533 2988 1587 omnia
3029 1534 3417 1603 scriberemus,

1824 1633 2079 1686 magnum
2112 1617 2235 1671 libri
2268 1624 2478 1672 textum
2511 1618 2955 1687 eﬁiceremus"°,
2987 1622 3086 1677 Hic
3112 1624 3287 1695 itaque
3318 1625 3422 1680 de-

1825 1718 1944 1759 cem
1984 1705 2141 1759 annis
2197 1706 2498 1775 pontificali
2546 1708 2806 1779 regimine
2865 1712 3081 1779 potitus,
3135 1714 3421 1768 undecimo

1827 1793 1983 1864 gravi
2016 1793 2223 1850 brachii
2252 1795 2440 1849 dolore
2472 1805 2553 1850 est
2612 1814 2927 1866 percussus.
2998 1797 3117 1867 Quo
3167 1800 3426 1872 ingrave-

1828 1891 2013 1937 scente
2042 1892 2095 1936 et
2124 1891 2440 1951 penetrante
2464 1884 2665 1950 vitalia,
2727 1895 3057 1957 praesentem
3098 1889 3265 1943 vitam
3297 1907 3422 1945 mn-

1749 1989 1800 2047 B
1834 1971 1961 2024 tavit
1990 1971 2111 2036 alia,
2147 1987 2313 2043 seque
2339 1973 2397 2026 in
2430 1974 2651 2028 civitate
2697 1976 2915 2044 sepeliri
2955 1977 3248 2047 mandavit,
3282 1979 3427 2033 mul-

1834 2058 1899 2112 tis
1930 2059 2269 2128 mirantibus,
2329 2077 2452 2115 cum
2518 2061 2698 2117 nullus
2745 2064 2849 2119 hoc
2895 2072 3018 2120 ante
3075 2064 3298 2132 fecerit;
3336 2068 3430 2138 qui

1827 2147 1940 2215 jam
1986 2148 2193 2217 pridem
2252 2149 2580 2218 sepulturam
2642 2168 2793 2205 suam
2842 2154 2984 2223 apud
3041 2155 3429 2210 monasterium

1836 2235 2008 2289 sancti
2037 2237 2168 2305 Apri
2218 2236 2269 2290 in
2303 2238 2560 2293 suburbio
2607 2237 2991 2311 delegerat‘“.
3035 2243 3204 2312 Hujus
3264 2245 3436 2299 beata:

1838 2323 2115 2377 memorias
2174 2324 2450 2391 transitus,
2502 2342 2610 2394 quo
2642 2342 2674 2381 a
2713 2329 2915 2383 mundo
2971 2331 3434 2397 excessit,3ldus

1839 2411 2178 2481 Septembris
2232 2412 2352 2479 fuit,
2412 2414 2769 2486 sepultusque
2808 2424 2892 2470 est
2946 2417 3082 2472 intra
3129 2435 3241 2475 suae
3290 2420 3437 2475 sedis

1839 2499 2129 2555 ecclesiam
2160 2508 2283 2555 ante
2314 2500 2488 2556 altare
2518 2504 2688 2558 sancti
2712 2505 2940 2559 Martini.

1916 2613 1999 2663 30.
2039 2610 2171 2663 Post
2196 2609 2354 2678 cujus
2377 2616 2821 2683 excessum(906)
2853 2614 3012 2684 hujus
3061 2616 3207 2671 sedis
3254 2618 3443 2673 cathe-

1843 2698 2021 2764 dram,
2074 2698 2383 2753 nolentibus
2426 2699 2491 2727 ¹⁶²
2521 2702 2682 2770 regni
2721 2703 2781 2734 ³⁸³
2814 2703 3149 2773 primatibus,
3209 2706 3443 2763 domnus

1845 2786 2032 2857 Drogo
2063 2787 2417 2842 nobilissimis
2439 2796 2590 2844 ortus
2622 2790 2916 2859 natalibus,
2952 2800 3064 2846 tum
3092 2793 3164 2860 vi,
3214 2802 3324 2849 tum
3354 2794 3445 2848 in-

1845 2875 2032 2947 genio,
2057 2883 2170 2929 turn
2229 2892 2501 2931 consensu
2560 2878 2759 2933 civium
2812 2882 3135 2951 occupavit;
3172 2884 3269 2937 sed
3324 2892 3448 2954 post

1846 2962 2120 3018 communi
2176 2965 2417 3018 omnium
2486 2973 2609 3021 voto
2662 2967 2914 3023 nobiliter
2970 2970 3126 3024 rexit.
3185 2972 3253 3026 Ut
3302 2972 3447 3026 enim

1850 3060 2102 3130 superbia
2133 3061 2439 3130 sanguinis,
2472 3061 2545 3116 ita
2584 3063 2875 3120 subtilitate
2920 3065 3214 3138 singularis
3242 3069 3450 3140 ingenii

1850 3147 1999 3203 illinc
2030 3149 2194 3203 rebus
2225 3149 2473 3219 publicis,
2509 3150 2635 3206 hinc
2685 3154 3057 3222 spiritualibun
3088 3158 3323 3227 negotiis
3360 3159 3448 3211 in-

1851 3237 2099 3291 sudabat.
2135 3236 2319 3306 Quare
2339 3239 2400 3269 ¹⁶⁴
2418 3239 2669 3293 omnibus
2687 3240 2755 3293 ita
2782 3258 2840 3295 se
2863 3243 3098 3297 habilem
3114 3247 3447 3315 praebuerat,

1773 3342 1821 3405 ο
1853 3334 1907 3379 ut
1933 3334 2252 3380 cunctorum
2286 3341 2527 3381 amorem
2579 3330 3097 3403 venerationemque
3127 3332 3345 3388 diﬁicile
3390 3333 3451 3362 ³⁸⁸

1846 3414 2133 3469 solubilem
2166 3414 2268 3468 sibi
2300 3415 2609 3470 ascisceret.
2632 3417 2729 3472 Hic
2752 3420 2817 3471 de
2849 3414 2907 3443 ³⁸⁸
2940 3436 3037 3473 suo
3069 3423 3289 3491 proprio
3320 3438 3448 3477 con-

1849 3503 1968 3557 tulit
1998 3503 2123 3558 huic
2146 3502 2262 3557 sedi
2294 3502 2480 3557 villam
2515 3505 2712 3558 Domni
2761 3507 2979 3560 Martini
3028 3524 3148 3563 cum
3181 3510 3437 3565 ecclesia.

1846 3608 2077 3663 eamque
2119 3592 2189 3645 ad
2246 3593 2633 3647 canonicorum
2684 3595 2879 3664 stipem
2935 3597 3231 3667 delegavit,
3292 3608 3340 3654 et
3384 3598 3446 3628 ³⁵⁷
3540 3582 3545 3589 .

1844 3679 2213 3749 reimpetravit
2244 3681 2356 3747 (63)
2385 3695 2414 3733 a
2446 3681 2644 3736 Karolo
2698 3699 2829 3755 rege
2860 3685 3094 3739 Bodonis
3124 3690 3443 3743 monasterii

1842 3768 2134 3831 abbatiam,
2168 3768 2258 3821 diu
2291 3768 2406 3822 suis
2462 3772 2902 3826 antecessoribus
2959 3774 3216 3829 ablatam.
3265 3780 3443 3849 Atque

1842 3886 1913 3925 ex
1944 3876 2217 3940 praecepto
2249 3869 2522 3925 Ludowici
2559 3870 2710 3943 regis
2738 3873 3025 3928 abbaciam
3072 3877 3441 3935 Pauliniacen-

1842 3975 1956 4013 sem
1984 3970 2042 3999 ισε
2072 3958 2262 4012 tenuit.
2295 3960 2599 4030 Adquisivit
2645 3962 2807 4015 etiam
2839 3978 2871 4016 a
2900 3964 3174 4034 Sigiberto
3204 3969 3440 4037 quodam

1842 4056 2011 4110 milite
2043 4056 2096 4110 in
2128 4057 2346 4111 Bertrici
2373 4065 2518 4112 curte
2550 4074 2797 4113 mansum
2831 4077 2998 4116 unum
3029 4078 3151 4118 cum
3185 4064 3434 4133 ecclesia,

1842 4152 1893 4199 et
1923 4144 2269 4199 medietatem
2304 4145 2551 4200 ecclesias
2581 4147 2774 4201 Domni
2806 4149 2934 4218 Apri
2969 4152 3102 4220 (64),
3135 4160 3188 4206 et
3218 4154 3435 4209 terciam

1841 4242 2055 4304 partem
2093 4234 2337 4289 ecclesiae
2366 4235 2537 4289 sancti
2595 4236 2803 4306 Hylarii
2834 4239 2894 4269 1”
2924 4240 2976 4292 in
3027 4240 3347 4306 Vermense,
3386 4251 3440 4299 et

1843 4335 2160 4389 farinarium
2212 4352 2379 4389 unum
2439 4353 2561 4389 cum
2619 4337 2940 4407 piscatione,
2988 4349 3039 4395 et
3071 4343 3331 4414 quidquid
3380 4345 3434 4399 in

1844 4440 1908 4479 ea
1939 4423 2060 4477 villa
2093 4424 2261 4493 potuit
2295 4424 2498 4478 habere
2527 4440 2540 4493 ;
2572 4433 2623 4479 et
2654 4442 2686 4480 a
2717 4427 2915 4483 Karolo
2938 4446 3072 4501 rege
3130 4430 3433 4501 impetravit

1842 4511 2096 4567 foreszem
2139 4512 2342 4583 regiam
2387 4528 2507 4582 quze
2554 4513 2752 4568 dicitur
2809 4516 3143 4572 Etmundies
3184 4530 3263 4574 ιτο.
3300 4522 3433 4589 Ejus

1842 4617 2087 4679 tempore
2114 4624 2241 4663 seva
2285 4608 2561 4663 Danorum
2597 4610 2785 4680 pestis,
2851 4611 3201 4685 [Iungrorum
3260 4619 3432 4673 rabiei

138 4691 253 4778 8υῷ
283 4714 618 4773 subdidum,
651 4718 881 4787 Insuper
902 4716 960 4744 ³⁵³
990 4716 1285 4787 θείᾳῃίείνίι
1328 4717 1394 4771 ab
1444 4716 1737 4772 Εγθιιειιῃο
1767 4691 1818 4749 D
1845 4707 2046 4775 juncta,
2078 4705 2391 4761 carceribus
2422 4722 2534 4761 suae
2580 4706 2775 4762 nativae
2804 4709 3150 4766 habitationis
3182 4730 3430 4785 egressa,

137 4809 315 4882 regali
344 4806 557 4864 medico
596 4806 650 4860 in
681 4806 884 4862 Isciaco
914 4804 1028 4875 (61)
1058 4821 1279 4859 mansos
1308 4807 1339 4859 4
1371 4813 1423 4859 et
1453 4805 1735 4860 dimidium

1843 4802 2132 4858 multarum
2165 4802 2442 4875 regionum
2490 4801 2687 4859 ﬁnibus
2734 4805 3051 4875 devastatis,
3086 4816 3211 4879 post
3238 4812 3432 4868 cedem

1448 5001 1679 5057 VARIzE
1721 4998 2140 5057 LECTION

219 5128 434 5189 1"Et2.
459 5134 513 5185 3.
597 5127 656 5158 "°
701 5145 893 5183 munus
909 5126 1188 5182 beneficiis
1218 5130 1265 5181 1.

1344 5125 1405 5154 ¹⁴⁰
1442 5126 1670 5181 fratbodi
1711 5131 1760 5179 3.

1842 5120 1903 5152 1"
1936 5122 2194 5179 moscado
2219 5129 2273 5177 3.
2366 5121 2427 5151 ¹⁴²
2458 5140 2613 5188 rusp.
2654 5128 2706 5180 3.
2779 5123 2838 5153 1“

2878 5132 3005 5198 post
3035 5130 3167 5185 add.
3205 5135 3262 5187 2.
3305 5134 3436 5195 vita;

144 5207 202 5260 3.
272 5202 333 5231 ¹⁴⁴
362 5203 417 5256 in
448 5201 676 5256 eandem
698 5200 1020 5271 add.i2.i3._
1073 5198 1151 5271 “‘_
1181 5215 1231 5252 s.
1271 5215 1334 5271 g.
1369 5200 1428 5271 ἓ.
1455 5201 1512 5252 3.
1575 5195 1829 5271 ff°__dcest
2090 5194 2477 5271 ludrlmum_3_.
2516 5195 2575 5271 Ψ
2617 5192 2895 5271 imponere
2934 5204 2986 5253 3.
3041 5198 3098 5227 1"
3129 5202 3257 5257 olim
3290 5192 3423 5264 add.

144 5277 202 5331 3.
260 5271 322 5302 ¹⁶⁰
365 5273 674 5330 celebretur
701 5276 754 5327 2.
822 5270 881 5298 1“
927 5269 1229 5324 Indouuino
1250 5264 1305 5326 2'.
1369 5266 1430 5294 ³⁵³
1475 5267 1699 5322 tradidit
1735 5271 1785 5321 l.
1827 5266 2065 5321 subdidit
2095 5282 2207 5320 suae
2236 5269 2287 5319 3.
2350 5264 2409 5293 ¹⁵³
2454 5267 2512 5320 In
2550 5270 2597 5321 l.
2667 5267 2724 5295 ¹⁵⁴
2770 5272 3199 5326 octo—Nactus
3231 5277 3434 5335 inloco

144 5349 358 5403 171.302.
421 5343 482 5372 ⁸⁸⁵
518 5342 862 5399 mecharchia
894 5344 942 5395 1.
974 5342 1029 5394 2.
1086 5338 1142 5368 ¹⁵⁶
1196 5337 1455 5396 cumdulfi
1506 5339 1692 5393 villam
1720 5339 1794 5391 in.
1832 5340 1854 5391 1
1944 5335 2003 5363 ³⁵⁷
2048 5338 2200 5390 cavia
2248 5340 2298 5390 3.

148 5416 212 5447 ¹⁶⁰
236 5416 507 5471 efficerem
537 5420 594 5470 3.
672 5413 731 5442 ¹⁶¹
780 5414 1129 5481 delegaverat
1164 5415 1214 5465 3.

149 5487 213 5518 ¹⁸⁶
262 5486 531 5542 difﬁcilem
562 5488 619 5541 l.
684 5484 744 5513 ‘“
761 5486 940 5539 Isdem
969 5499 1113 5540 corr.
1143 5483 1195 5537 Is
1220 5484 1288 5538 de
1317 5486 1372 5539 2.
1405 5483 1455 5535 Is
1486 5481 1554 5536 de
1588 5485 1635 5536 3.

150 5559 426 5615 mundies.
461 5564 489 5613 3
504 5598 516 5611 .

1310 5409 1374 5438 1"
1392 5411 1699 5464 volentibus
1729 5425 1903 5478 corr.
1954 5405 2263 5478 nolentibus
2289 5412 2338 5459 3.
2398 5404 2458 5434 ³⁸⁸
2490 5410 2649 5473 huius
2694 5410 2851 5478 regni
2901 5417 2956 5465 3.

1722 5477 1782 5506 ¹⁶⁷
1798 5478 1903 5546 Qui
1925 5481 1978 5533 2.
2037 5475 2097 5504 ³⁸⁸
2113 5478 2606 5548 pauliniascensem
2632 5485 2680 5535 1.

2769 5479 2830 5507 ¹⁶⁹
2871 5483 3051 5538 hilarii
3084 5490 3134 5540 3.
3199 5486 3258 5516 ¹⁷⁰
3305 5492 3438 5549 ᾔει--

1700 5644 1925 5702 NOTAE.

234 5782 346 5851 (59)
396 5779 476 5851 Cf.
510 5776 686 5851 Flod._,
720 5776 855 5830 IIist.
887 5775 1045 5851 Rem.
1076 5771 1173 5851 I_II,
1205 5777 1293 5851 2t.

232 5844 346 5921 (60)
376 5850 458 5917 Cf,
483 5851 597 5916 ejus
627 5849 873 5921 chartam
903 5846 1288 5921 apud_Benol_t_,
1317 5844 1519 5921 p.__LX.

236 5914 981 5993 (61")lssey.el'._diplcma
1046 5914 1550 5993 giventiboldinap.
1612 5915 1754 5993 Bou-

166 5978 293 6073 quet
314 5978 412 6060 I'x,
445 5978 663 6064 pina;
697 5978 878 6043 Caroli
907 5986 1199 6057 Simplicis,
1231 5986 1387 6056 ibid.,
1422 5978 1519 6054 1x,
1541 6003 1596 6060 p.
1631 5989 1755 6041 553.

491 6089 754 6153 Parnm.
786 6083 1027 6149 CLVII.

1856 5771 2035 5894 MSS}?
2070 5767 2356 5823 Rausiéres
2385 5783 2453 5823 en
2476 5769 2644 5839 IIaye,
2679 5771 2718 5824 B
2740 5772 2972 5841 sllcville,
3010 5778 3271 5854 Meillery,
3311 5786 3455 5846 Mar.

2162 5910 2459 5980 diplomata
2489 5911 2757 5984 Bouquet,
2790 5914 2886 5984 IX,
2919 5934 2972 5988 p.
3005 5919 3128 5974 διδ,

1931 5983 2044 6056 (64)
2066 5982 2354 6040 Domevre.

3116 6085 3194 6152 15
