3882 6418
89 455 187 512 tsi
1295 446 1524 505 casm
1567 448 1777 506 EPISC.
1821 444 2163 503 TULLENS.
3031 407 3036 410 ’
3283 441 3384 499 tsz

88 582 244 636 ribus
273 581 414 636 adeo
444 579 659 652 antiqua
689 578 944 651 prodigia
981 585 1334 641 renovantur,
1367 578 1494 631 dum
1534 576 1687 631 trice-
1714 580 1769 638 Α
1800 573 2068 645 gelranno
2110 571 2172 600 ”°
2197 572 2334 627 duos
2363 587 2586 628 mansos
2615 572 2668 627 in
2696 570 2824 626 villa
2857 587 2976 642 quae
3005 571 3201 627 dicitur
3247 571 3386 625 Por-

92 671 233 725 simo
265 673 376 740 (68)
418 670 532 739 ejus
575 669 902 739 praesulatus
947 667 1008 696 ’°°
1054 683 1216 733 anno,
1262 682 1455 722 cruces
1509 681 1686 736 appa-

93 768 317 813 ruerunt
348 759 401 812 in
434 757 697 822 vestibus,
733 773 864 827 quas
895 755 1273 825 Omnipotens,
1305 763 1360 808 ut
1392 756 1442 808 in
1462 753 1688 818 historia

94 847 468 902 ecclesiastica
499 845 730 918 legimus
763 847 896 915 (69),
944 845 1012 898 ad
1059 843 1365 898 infidelium
1402 842 1686 898 confutan-

94 936 226 990 dam
258 934 693 990 incredulitatem
741 933 867 986 sinit
911 949 1179 1003 apparere
1227 931 1572 987 mortalibus.
1638 931 1689 982 Is

95 1031 397 1104 adquisivit
427 1030 563 1091 sedi,
598 1028 684 1084 cui
715 1027 1152 1098 poxitilicahatur,
1214 1026 1450 1082 alodium
1517 1025 1578 1054 ²⁰¹
1636 1025 1689 1078 in

95 1119 296 1174 Boiaco
319 1119 432 1188 (70)
454 1117 522 1170 ab
551 1115 614 1144 '°’
642 1115 982 1187 Angelberto
1013 1113 1096 1181 ’°',
1130 1123 1183 1170 et
1211 1130 1244 1168 a
1293 1115 1545 1168 Fulmaro
1593 1112 1691 1167 sil-

96 1232 222 1271 vam
255 1216 308 1269 in
337 1214 510 1269 Brieri
543 1214 701 1268 valle.
738 1211 950 1284 Quique
981 1227 1014 1266 α
1045 1228 1179 1284 rege
1212 1211 1413 1267 Ottone
1465 1211 1692 1282 adeptus

98 1314 180 1361 est
211 1304 484 1359 abbatiam
517 1302 677 1357 Medii
706 1301 1051 1367 monasterii,
1107 1315 1172 1356 ea
1217 1300 1339 1373 lege
1387 1307 1443 1354 ut
1488 1300 1694 1354 Frede-

98 1394 248 1448 ricus
278 1392 404 1455 dux,
441 1391 570 1445 dum
603 1390 902 1456 adviveret,
936 1389 1276 1444 advocatiam
1309 1388 1583 1455 retineret,
1631 1402 1696 1442 ac

98 1481 342 1552 pontifex
377 1478 728 1550 praebendam
761 1478 866 1533 loci
902 1478 1203 1544 ordinaret,
1254 1489 1484 1547 postque
1533 1474 1693 1530 finem

103 1577 266 1632 ducis
294 1584 409 1632 tota
438 1575 657 1629 abbatia
679 1575 750 1629 ad
795 1574 1110 1644 episcopum
1160 1572 1489 1643 perveniret.
1541 1571 1696 1626 Telo-

104 1682 275 1720 neum
307 1681 522 1735 quoque
554 1663 792 1717 civitatis
814 1672 865 1717 et
901 1663 1215 1717 comitatum
1247 1677 1348 1732 per
1369 1669 1695 1730 praeceptum

101 1754 254 1825 regis
280 1752 518 1807 Heinrici
547 1751 609 1778 ’“
639 1751 870 1820 optinuit
919 1751 1027 1818 (71)
1081 1750 1462 1820 abbatiamque
1520 1748 1698 1802 Pauli-

99 1843 420 1897 niacensem
443 1848 495 1894 et
517 1841 802 1894 Derersem
855 1837 915 1866 ’θ’
963 1846 1122 1909 atque
1178 1838 1247 1892 de
1304 1836 1514 1892 Offonis
1570 1836 1698 1892 villa

1797 671 1901 727 tus,
1935 671 1986 716 et
2015 663 2084 716 ab
2117 662 2347 717 Hanone
2385 660 2447 690 '”
2477 663 2764 716 ecclesiam
2795 661 2863 716 de
2893 661 3022 715 villa
3042 659 3267 715 Bladini.
3288 659 3386 712 Hic

1798 767 2038 828 tempore
2068 758 2281 813 Ottonis
2314 759 2656 828 imperatoris
2687 758 2933 828 probavit
2965 774 3086 814 cum
3129 762 3192 813 12
3237 756 3391 827 inge-

1797 848 1915 901 nuis
1949 847 2256 901 hominibus
2313 857 2504 902 contra
2559 847 2891 901 abbatissam
2951 847 3022 901 de
3080 846 3386 915 Andelach,

1801 935 2038 989 Bodonis
2069 935 2457 990 monasterium
2490 952 2612 990 esse
2637 936 2940 1004 subjectum
2973 935 3221 991 ecclesiae
3262 952 3389 990 san-

1800 1024 1872 1080 cti
1909 1024 2187 1093 Stephani,
2223 1024 2370 1078 etab
2428 1023 2623 1079 eodem
2681 1024 3009 1095 imperatore
3065 1030 3256 1079 nactus
3305 1033 3390 1080 est

1802 1112 2148 1167 medietatem
2178 1111 2380 1166 telonei
2412 1113 2480 1167 de
2518 1121 2701 1168 monte
2758 1113 2932 1168 sancti
2987 1111 3186 1184 Eliphii
3242 1113 3381 1184 (78).

1803 1211 1951 1264 Idem
1983 1209 2288 1281 impetravit
2317 1209 2385 1264 ab
2432 1209 2686 1266 Heinrico
2729 1225 2863 1282 rege
2918 1225 3015 1281 per
3059 1210 3389 1278 adjutorium

1803 1299 2075 1354 Ebahardi
2115 1298 2179 1326 "'
2206 1297 2440 1364 comitis,
2473 1298 2728 1370 quicquid
2757 1299 2875 1368 ipse
2918 1313 3014 1352 rex
3071 1299 3391 1369 possidebat

1803 1387 1858 1441 in
1889 1387 2146 1442 Gundulfi
2168 1387 2296 1441 villa
2313 1387 2444 1455 (79).
2475 1385 2579 1454 Qui
2604 1389 2718 1456 (80)
2751 1385 2878 1442 felix
2907 1386 2990 1440 vir
3020 1387 3074 1440 in
3106 1387 3276 1443 semel
3307 1403 3394 1443 ar-

1806 1483 1959 1545 repto
1992 1475 2270 1546 proposito
2304 1474 2429 1529 boni
2459 1474 2862 1548 operisjugiter
2890 1475 3140 1530 omnibus
3163 1475 3394 1532 mirabi-

1805 1563 1910 1617 lem
1944 1565 2242 1618 extendens
2272 1563 2687 1630 animositatem,
2722 1572 2841 1634 post
2872 1563 2926 1618 in
2966 1564 3165 1617 Christi
3206 1565 3393 1619 militia

1806 1652 2125 1722 multiplices
2157 1651 2394 1718 labores,
2416 1652 3024 1723 quadriennilanguore
3059 1650 3203 1721 ”',ut
3238 1653 3396 1708 aliter

1804 1741 1906 1795 Job
1937 1756 1969 1794 a
2001 1741 2228 1795 Domino
2259 1741 2543 1810 probatus,
2578 1742 2642 1795 44
2691 1741 2773 1794 sui
2830 1740 3180 1811 episcopatus
3227 1757 3391 1809 anno,

1807 1840 1838 1892 'l
1870 1838 1998 1891 Idus
2030 1836 2362 1906 Septembris
2392 1838 2540 1907 (962)
2574 1836 2787 1893 caelicas
2819 1839 3046 1893 recessit
3094 1839 3163 1894 ad
3214 1841 3394 1897 sedes.

103 1938 279 1992 solide
311 1936 571 2006 possedit.
606 1935 785 1990 Isdem
825 1933 884 1963 ’°‘
917 1952 1012 2006 per
1040 1934 1413 1990 eoncambium
1445 1931 1505 1961 ’°"
1547 1933 1694 1988 dedit
1725 1937 1776 1996 Β
1809 1925 2032 1979 Delatus
2064 1941 2192 1997 ergo
2224 1940 2255 1978 a
2286 1924 2436 1980 clero
2467 1933 2519 1979 et
2550 1926 2750 1996 populo
2773 1926 2825 1979 in
2847 1927 3162 1982 Buxeriensi
3196 1925 3258 1957 ¹⁹⁴
3279 1944 3398 1984 cce-

100 2026 356 2082 Archado
382 2022 443 2052 ’θ’
473 2024 730 2094 episcopo
755 2024 1118 2095 Linguonensi
1149 2024 1424 2078 abhatiam
1474 2023 1541 2076 de
1588 2024 1700 2076 Va-

99 2114 290 2170 rennis
325 2112 408 2176 ¹⁰⁹,
441 2121 493 2167 et
549 2121 776 2167 econtra
826 2113 1120 2167 Archadus
1161 2110 1222 2140 ’³ο
1264 2112 1412 2166 dedit
1460 2110 1699 2165 Tullensi

102 2203 364 2273 episcopo
391 2199 454 2229 "1
485 2201 742 2272 quicquid
772 2201 827 2254 in
858 2201 1090 2256 Bosonis
1121 2209 1304 2256 monte
1327 2200 1440 2270 (72)
1490 2209 1546 2255 et
1600 2200 1702 2254 Ur-

102 2290 237 2347 sacii
272 2291 398 2344 villa
428 2297 481 2344 et
510 2289 707 2360 Sejonz
726 2288 1014 2343 videbatur
1050 2290 1273 2343 habere.
1324 2290 1564 2358 Adeptus
1623 2293 1703 2341 est

101 2379 267 2435 etiam
297 2393 328 2432 a
367 2378 606 2449 Rotgero
651 2375 714 2405 ²¹²
739 2377 936 2432 comite
967 2377 1220 2432 Amboldi
1260 2374 1321 2404 ’"
1358 2377 1536 2430 villam
1586 2377 1702 2446 (73)

102 2464 157 2519 in
188 2479 336 2535 pago
366 2463 679 2518 Ordonensi
720 2460 785 2490 '1‘
815 2464 949 2531 (74),
1012 2470 1065 2518 et
1119 2463 1188 2517 ab
1248 2463 1363 2517 Eva
1421 2463 1704 2517 comitissa

105 2559 466 2632 Angeriacam
507 2555 568 2584 ²¹⁸
601 2557 716 2629 (75)
748 2558 929 2612 villam
961 2573 1084 2613 cum
1115 2559 1343 2629 capella,
1379 2563 1433 2613 et
1462 2558 1702 2613 Molisia-

106 2665 250 2710 cam,
274 2656 328 2702 et
357 2647 544 2700 villam
572 2662 691 2716 quae
713 2647 915 2702 dicitur
941 2647 1306 2702 Girinvicinus
1337 2649 1470 2716 (76),
1497 2648 1703 2702 etNor-

105 2736 239 2790 dalli
268 2735 465 2790 vadum
504 2731 586 2798 ²¹⁶,
621 2743 673 2788 et
705 2743 910 2804 partem
941 2735 994 2788 in
1025 2735 1350 2791 Buchuliaco
1393 2733 1473 2801 ³³⁷,
1509 2745 1560 2790 et
1606 2737 1706 2790 Ra-

106 2825 254 2880 daldi
287 2822 476 2877 villam
510 2823 644 2894 (77),
697 2831 750 2876 et
808 2823 995 2878 Sionni
1050 2823 1253 2891 villam,
1307 2833 1360 2878 et
1416 2825 1705 2880 ecclesiam

107 2929 229 2984 quae
258 2912 454 2967 dicitur
490 2908 550 2937 ²¹⁹
580 2911 633 2964 in
659 2911 784 2965 villa
817 2911 1082 2976 Blascius,
1118 2921 1168 2966 et
1208 2920 1419 2982 partem
1460 2912 1706 2968 ecclesia;

105 3009 160 3064 in
189 3009 403 3065 Rameli
443 3007 504 3037 ³¹⁹
541 3008 659 3064 villa
679 3050 692 3075 ,
725 3025 846 3080 quae
875 3009 1034 3065 solvit
1058 3012 1088 3063 5
1117 3008 1324 3064 solidos
1354 3029 1374 3077 ;
1405 3018 1462 3065 et
1489 3009 1560 3064 ab
1591 3012 1710 3082 Αιι⁸

1814 2014 1994 2080 nobio,
2029 2012 2428 2085 dignissimam,
2463 2013 2601 2068 sicut
2649 2013 2840 2068 vivens
2874 2015 3132 2083 jusserat,
3191 2018 3401 2088 accepit

1813 2102 2169 2171 sepulturam,
2203 2101 2341 2154 inter
2367 2103 2564 2156 charos
2595 2101 2889 2173 virginum,
2924 2120 3058 2174 quas
3079 2104 3189 2160 illic
3218 2105 3401 2175 plures

1811 2213 2040 2251 numero
2073 2196 2191 2250 vitae
2221 2197 2565 2251 districtioris
2595 2208 3013 2270 aggregaverat,
3047 2199 3225 2270 longis
3252 2217 3380 2258 secu

1815 2286 1883 2338 lis
1912 2285 1964 2338 in
1996 2285 2091 2338 Dei
2123 2284 2372 2338 laudibus
2403 2285 2761 2340 excolendam
2801 2283 2883 2341 ¹²⁵.

1883 2386 1970 2439 31.
2006 2385 2220 2440 Interea
2251 2386 2363 2455 (81)
2395 2385 2594 2440 domno
2623 2386 2882 2443 Cauzlino
2931 2387 3203 2444 Tullensis
3257 2391 3405 2448 sedis

1811 2472 2064 2544 pomifice
2100 2473 2264 2528 rebus
2287 2473 2538 2528 humanis
2570 2482 2808 2544 exemto,
2861 2476 2950 2547 qui
3007 2493 3223 2532 morum
3281 2479 3404 2536 illu-

1815 2562 1938 2615 stris
1968 2561 2343 2624 sanctimonia,
2378 2561 2715 2633 angelorum,
2750 2570 2806 2617 ut
2836 2563 3131 2633 credimus,
3178 2565 3232 2620 in
3260 2568 3407 2624 celis

1816 2657 1898 2704 est
1931 2650 2132 2704 ascitus
2164 2649 2460 2714 consortio,
2482 2649 2638 2720 plebs
2669 2650 2882 2706 Leucha
2909 2653 3146 2724 graviter
3163 2657 3409 2710 merebat

1812 2747 1945 2801 tanti
1968 2747 2161 2801 orbata
2208 2745 2441 2817 pastoris
2501 2745 2716 2802 solatio.
2774 2749 2908 2804 Erat
2955 2758 3084 2805 tunc
3142 2753 3407 2823 temporis

1815 2835 2150 2889 venerandus
2172 2834 2350 2888 Bruno
2383 2835 2697 2906 Aggripinee
2721 2835 2968 2892 ecclesias
2999 2853 3240 2894 summus
3261 2856 3405 2911 pon-

1815 2923 1964 2990 tifex,
1994 2922 2084 2994 qui
2116 2922 2168 2976 in
2197 2930 2305 2976 tota
2336 2923 2629 2978 Germania
2659 2923 2869 2996 sibique
2893 2925 3132 2982 finitimis
3161 2928 3405 2998 partibus

1821 3011 2134 3083 imperiales
2158 3011 2357 3082 agebat
2383 3011 2549 3079 vices,
2600 3021 2782 3083 utpote
2819 3014 2995 3085 Magni
3041 3014 3258 3071 Ottonis
3306 3033 3408 3073 au-

1417 3163 1646 3218 VARIE
1682 3165 1984 3220 LECTION
1990 3164 2094 3220 ES.

205 3257 265 3338 '°_°
361 3258 707 3338 episcopatus
741 3263 828 3338 3._
871 3255 933 3288 ³⁸³
966 3258 1189 3338 alodum_
1215 3263 1343 3338 3.”
1373 3258 1445 3338 ff”
1474 3261 1624 3317 deest
1658 3266 1711 3338 1.
1742 3263 1882 3338 2.“
1920 3257 1985 3287 '°'
2044 3258 2341 3338 angeberto
2399 3260 2488 3338 1‘2
2601 3258 2663 3338 '_“
2721 3261 2927 3338 henrici
2975 3263 3039 3338 Α.
3100 3270 3156 3320 ει
3208 3267 3396 3338 infra.

110 3327 172 3359 ’θ’
216 3327 502 3385 deverscm
537 3327 586 3382 1.
621 3346 764 3384 corr.
798 3329 1113 3383 derversem
1161 3332 1192 3384 '2
1284 3329 1514 3384 ’“ldcm
1574 3338 1625 3385 2.
1687 3337 1746 3387 3.
1821 3330 1882 3360 ²⁰⁷
1911 3327 2232 3386 concabium
2289 3332 2348 3385 ἓ.
2390 3380 2393 3381 ,
2428 3327 2489 3358 ⁸⁸³
2543 3333 2782 3388 achardo
2840 3338 2898 3387 3.
2973 3332 3034 3362 ’°’
3065 3327 3318 3392 uerennis
3354 3343 3401 3393 1.

109 3399 172 3429 ⁸³⁸
242 3401 635 3473 archardusj.
675 3401 942 3454 achardus
969 3405 1022 3455 3.
1063 3398 1124 3429 ’"
1157 3400 1400 3473 ecclesia;
1430 3403 1460 3455 '2
1495 3407 1544 3455 3.
1590 3400 1654 3430 ’³⁸
1683 3406 1990 3473 γοεθιοοί1.
2038 3398 2098 3473 ’ἓξ
2155 3401 2381 3473 ambodi
2427 3405 2494 3473 r3.
2542 3399 2606 3429 '1‘
2661 3405 2984 3473 ordei-pensi
3042 3410 3098 3460 3.
3181 3406 3241 3437 ³³⁸
3299 3425 3402 3463 an-

149 3473 378 3526 wiacam
411 3475 463 3526 3.
532 3470 591 3499 ’"
626 3473 805 3542 uatum
837 3487 987 3526 corr.
1027 3473 1300 3542 uabunrﬂ.
1342 3470 1402 3500 ’³⁷
1435 3473 1716 3527 buculiaco
1747 3470 1804 3528 3.
1864 3472 1924 3503 ¹¹⁶
1945 3473 1996 3525 in
2031 3471 2154 3525 villa
2187 3487 2309 3542 quae
2333 3471 2552 3542 dicitur”
2574 3475 2630 3526 3.
2707 3470 2766 3500 ’”

2823 3475 2988 3529 ramei
3045 3481 3097 3531 2.
3131 3493 3318 3536 ramev
3348 3481 3402 3534 3.

133 3540 174 3625 _’°
217 3543 542 3625 angelapnq
588 3545 636 3594 1.
809 3544 1040 3625 namque
1097 3545 1150 3596 3.
1208 3541 1516 3625 .”_'eba‘rdi
1568 3542 1727 3625 3.__“’_
1772 3545 2001 3625 langore
2039 3547 2115 3625 _1.
2182 3537 2421 3625 semper.
2514 3539 2577 3571 ”‘
2601 3543 2854 3625 busiensi
2906 3549 2978 3625 1.‘
3013 3543 3075 3575 ²¹¹⁸
3123 3550 3232 3625 [ioc

2514 3539 2577 3571 ”‘
2601 3543 2854 3598 buxiensi
2906 3549 2960 3598 1.
3013 3543 3075 3575 “‘
3123 3550 3232 3604 Hoc
3287 3539 3405 3606 ioco

111 3617 172 3670 2.
209 3612 384 3669 vitam
415 3612 804 3694 S._‘Gerardi.a
845 3613 1077 3694 Widrico
1107 3614 1380 3694 scriptam
1410 3615 1673 3694 ivgiseruit,
1707 3616 1768 3669 in
1785 3621 1848 3694 _3.
1872 3612 2005 3694 hero
2031 3613 2146 3668 hare
2177 3630 2251 3694 ea;
2279 3612 2427 3694 ipse.
2459 3619 2728 3694 excerpta
2753 3685 2762 3694 .
2788 3616 3076 3694 legantur.
3136 3618 3404 3690 Omnipo-

111 3691 230 3738 tens
257 3695 449 3759 anteiri
470 3684 638 3759 Deus,
671 3681 761 3752 qui
791 3699 1020 3754 gregem
1055 3681 1368 3759 hereditatis
1421 3685 1512 3737 lilii
1544 3685 1650 3759 sui,
1687 3701 1753 3759 ne
1783 3685 1992 3759 insidiis
2023 3693 2075 3738 et
2103 3681 2640 3759 praedae—diripienda
2688 3681 2892 3759 inimici
2949 3697 3151 3756 pateat,
3211 3681 3402 3759 pasto-

113 3771 229 3834 rum
257 3755 636 3834 benedictione
665 3758 1003 3834 consolatur,
1037 3755 1346 3819 ecclesiam,
1368 3757 1615 3834 rectoris
1639 3758 1830 3810 solatio
1856 3754 2169 3834 destitutam;
2199 3754 2555 3834 inter‘ﬂuctus
2588 3756 2755 3809 seculi
2797 3754 2988 3834 jactari
3029 3760 3147 3814 sine
3189 3754 3404 3834 r'emige

110 3826 326 3891 nolens,
363 3825 620 3900 visitavit,
651 3825 809 3894 eique
838 3835 890 3878 ut
923 3826 1155 3900 domnus
1186 3827 1380 3895 praesul
1409 3826 1686 3900 G‘erardus
1717 3825 2279 3900 praeesset,_institui_t.
2312 3823 2416 3900 Qui
2444 3833 2732 3900 antequam
2766 3823 2928 3900 sciret
2973 3845 3170 3884 vocare
3198 3823 3404 3900 patrem

120 3904 174 3967 et
201 3906 454 3961 matrem,
478 3896 712 3966 quodam
744 3897 1011 3967 praesagio
1029 3897 1350 3966 designatus
1380 3897 1690 3967 episcopus,
1711 3895 1875 3952 Scolis
1905 3898 2156 3964 traditus,
2192 3896 2317 3950 hinc
2347 3895 2631 3950 clericatus
2662 3897 2868 3952 honore
2898 3898 2951 3951 in
2973 3895 3212 3954 ecclesia
3234 3903 3404 3956 sancti

115 3966 256 4021 Petri
285 3967 661 4042 apostolorum
695 3966 954 4042 principis
983 3969 1128 4037 apud
1160 3966 1437 4022 Coloniam
1471 3970 1722 4031 donatus,
1756 3977 1811 4042 ut
1840 3967 2210 4042 nobilissimus
2242 3967 2496 4042 nobiliter
2527 3975 2613 4042 est
2634 3967 2910 4042 educatus.
2944 3971 3257 4042 Necgmulto
3279 3981 3408 4042 post

115 4039 327 4109 augusti
358 4037 571 4110 Ottonis
598 4039 938 4110 auctoritate,
971 4046 1410 4110 agenterquoque
1440 4055 1703 4109 germano
1734 4039 1853 4109 ejus
1883 4039 2085 4110 domno
2115 4039 2365 4091 Brunone
2395 4037 3116 4110 Coloniensiﬂarchiprzesnle
3145 4037 3402 4098 unacun-

118 4107 324 4163 ctorum
356 4109 745 4179 acclamatione
775 4108 995 4172 electus,
1031 4111 1060 4162 4
1096 4107 1222 4162 Kal.
1247 4107 1817 4175 Aﬁrilis'Leuchorurn
1843 4109 1989 4162 urbis
2021 4117 2263 4163 sacratus
2302 4117 2385 4179 est
2414 4107 2659 4162 antistes.
2713 4109 2789 4164 De
2839 4107 2991 4179 cujus
3046 4113 3401 4168 ammirandis

121 4181 380 4248 operibus
408 4181 563 4249 plura
595 4178 746 4232 eﬂ'ari
779 4181 1222 4248 super-sedemus,
1258 4180 1376 4251 quia
1409 4197 1524 4244 e_,us
1559 4181 2039 4235 memorandarum
2065 4181 2320 4251 virtutum
2375 4178 2513 4232 liber
2564 4195 2732 4248 penes
2790 4178 2916 4235 nos,
2948 4183 3227 4237 retinetur.
3297 4185 3400 4240 Hic

117 4251 348 4308 adeptus
379 4259 459 4304 est
489 4257 845 4319 praeceptum.
1003 4249 1599 4321 abbatiam‘usurpavit.
1633 4269 1687 4306 c.
1729 4255 1788 4304 21
1834 4252 2079 4306 Widrici.
2117 4249 2397 4321 Przelibato
2427 4258 2606 4303 autem
2636 4251 2733 4321 Dei
2764 4254 2981 4320 przesuli
3004 4271 3272 4309 summum
3306 4255 3403 4309 fuit

120 4321 356 4375 studium
384 4327 438 4374 in
468 4321 876 4376 constructione
911 4321 1006 4375 Dei
1037 4322 1412 4388 ecclesiarum,
1438 4320 1568 4391 qua:
1600 4331 1652 4376 et
1681 4322 1953 4378 decoravit
1987 4320 2275 4390 exoptabili
2307 4335 2547 4384 munere,
2598 4320 2950 4390 plurimOrum
3009 4325 3215 4380 scilicet
3272 4343 3402 4380 san-

120 4399 330 4446 ctorum
359 4392 704 4463 pignoribus.
745 4391 1166 4463 Basilicamsuae
1197 4393 1343 4447 sedis
1373 4409 1406 4448 a
1436 4392 1801 4447 fundamentis
1837 4392 2122 4462 reparavit,
2147 4391 2520 4463 cu_[n_reliqnis
2550 4391 2652 4463 sibi
2682 4394 2906 4447 annexis
2953 4396 3224 4450 ecclesiis.
3274 4398 3406 4451 San-

119 4470 222 4517 ctae
250 4459 468 4534 quoque
502 4462 603 4516 Dei
627 4461 910 4534 genitricis
932 4462 1218 4534 ecclesiam
1246 4465 1398 4532 juxta
1428 4463 1794 4534 pontificalem
1836 4459 2106 4534 cameram
2153 4459 2500 4530 oﬂicinasque
2524 4462 2640 4534 “sui
2699 4463 2881 4532 palatii
2933 4466 3147 4521 decenti
3196 4469 3404 4523 honore

119 4531 447 4589 construxit.
481 4531 757 4590 Abbatiam
787 4532 962 4604 sancti
991 4531 1258 4588 Mansueti
1291 4531 1450 4603 primi
1481 4536 1640 4602 hujus
1680 4534 1827 4588 sedis
1865 4531 2152 4604 pontificis
2190 4548 2334 4604 pene
2353 4531 2709 4604 Jadnullatam
2758 4534 2811 4588 in
2865 4535 3148 4593 decentem
3206 4547 3405 4593 statum

121 4606 376 4673 restituit,
409 4605 532 4674 ejus
561 4619 602 4676 ag
622 4603 990 4676 fundamentis
1021 4601 1328 4676 cgenobium
1362 4601 1645 4660 restruxit.
1674 4601 2108 4676 Sancti’quoque
2126 4601 2376 4676 Gengulﬁ
2404 4603 2671 4676 abbatiam
2701 4604 2767 4657 ad
2801 4607 3156 4662 meridianum
3214 4610 3403 4664 introi-

121 4681 233 4746 tum
265 4677 504 4746 civitatis
523 4675 732 4746 primus
763 4674 1016 4746 extruxit,
1051 4674 1363 4746 ibidemque
1391 4675 1860 4731 sanctimonialum
1880 4674 2079 4730 coetum
2102 4675 2203 4728 sub
2232 4674 2464 4746 normali
2493 4674 2682 4746 vigore
2714 4676 2828 4746 Deo
2864 4679 3072 4733 servire
3101 4681 3402 4735 constituit.

127 4743 344 4820 Corpus
369 4743 673 4820 beatissimi
697 4744 1030 4820 confessoris
1061 4745 1258 4800 Christi
1279 4743 1421 4816 'Apri
1443 4747 1533 4820 diu
1564 4747 2034 4820 absconsumkejus
2065 4746 2268 4820 meritis
2285 4743 2854 4820 Dominus'reveiavit,
2890 4749 3173 4820 ipsiusque
3193 4752 3404 4806 sororis

125 4813 454 4887 beatissima;
485 4816 708 4887 virginis
732 4815 980 4886 Apronize
1008 4831 1210 4886 corpus
1238 4813 1352 4872 non
1377 4817 1593 4873 modico
1624 4817 1810 4887 precio
1837 4834 1866 4870 a
1888 4813 2403 4887 Trecassinensibus
2441 4815 2599 4887 emit.
2663 4817 2759 4870 His
2815 4826 2868 4872 et
2914 4813 3041 4872 'aliis
3087 4813 3408 4875 sanctorum

124 4883 372 4960 laborum
397 4883 668 4960 exercitiis
699 4883 1021 4960 adornatus,
1049 4883 1299 4960 plurimis
1320 4888 1478 4960 etiam
1511 4883 2194 4960 miraculorumsignisgin
2223 4886 2436 4960 pOpulis
2465 4886 2792 4960 declaratus,
2825 4889 2882 4942 31
2924 4905 3064 4945 anno
3087 4891 3410 4960 priesulatus

123 4958 371 5029 regimen
401 4958 657 5023 servavit,
681 4965 735 5012 et
763 4960 795 5011 8
825 4957 947 5012 Kal.
982 4957 1106 5030 Maii
1135 4958 1383 5029 glorioso
1403 4957 1510 5013 ﬁne
1539 4959 1787 5028 spiritum
1817 4957 2258 5030 caalisr‘reddidit.
2300 4958 2468 5025 Cujus
2490 4959 2812 5030 venerabile
2857 4975 3060 5030 corpus
3087 4957 3162 5015 'in
3221 4965 3407 5019 medio

127 5027 238 5107 suae
269 5030 416 5107 sedis
447 5031 622 5107 choro
656 5029 886 5083 honeste
917 5027 1237 5107 tumulatum
1263 5027 1618 5100 plurimarum
1647 5030 1820 5101 fulget
1850 5029 2116 5102 prodigiis
2147 5029 2426 5094 virtutum,
2458 5028 2502 5084 si
2531 5027 2586 5084 id
2617 5033 2798 5102 exigat
2842 5027 2970 5086 vera
3027 5030 3166 5087 ﬁdes
3224 5043 3413 5104 poten-

126 5100 276 5154 tium.
310 5102 445 5156 Huic
475 5100 648 5156 extitit
676 5115 965 5156 successor
995 5100 1054 5154 d.
1094 5100 1402 5172 Stephanus
1433 5117 1550 5172 sag.

1659 5195 1866 5252 NOTE
1878 5237 1892 5250 .

200 5285 313 5359 (68)
342 5291 480 5342 Ann.
512 5284 876 5359 Hersfeld,ga.
898 5289 1000 5342 958
1026 5301 1038 5354 ;
1064 5288 1202 5341 Ann.
1236 5285 1455 5359 C_orb.,_
1481 5299 1564 5359 a._
1588 5287 1717 5359 959.

201 5356 314 5430 (69)
345 5361 480 5414 Hist.
513 5359 652 5415 eccl.
718 5357 951 5430 Tripart,
1011 5359 1112 5412 lib.
1172 5373 1228 5427 v,
1263 5356 1355 5412 ﬁn.
1393 5357 1482 5412 ed.
1538 5356 1717 5412 Paris.

132 5425 377 5500 Isiigp.
413 5431 539 5484 ut.

203 5499 505 5568 (70)’Bosc.
539 5499 658 5555 sive
691 5503 854 5558 Bouc.

1835 5285 2309 5412 vag7)CE:>;tasse
2373 5285 2636 5343 Rainville
2693 5303 2864 5360 Prope
2915 5289 3424 5350 Soulosse-sur-le-

1907 5428 2152 5509 (liii-Ci;
2167 5426 2462 5509 diplomaia
2497 5425 2712 5509 gitonis
2741 5429 2812 5496 II,
2846 5446 2896 5484 a.
2929 5433 3053 5509 974.
3077 5448 3167 5504 ap.
3207 5435 3420 5509 Benoit,

1835 5514 1891 5570 p.
1923 5498 2075 5552 XIX.
2103 5500 2202 5570 Est
2223 5507 2380 5570 imont
2409 5498 2465 5553 S.
2498 5499 2706 5569 Elophe
2730 5517 2894 5570 prope
2925 5498 3206 5560 Soulosse.

205 5567 319 5645 (Z1)
349 5573 411 5645 Υ.
443 5571 741 5640 diplomata
762 5589 852 5645 ap.
885 5573 1096 5638 Benolt,
1132 5587 1187 5643 p.
1219 5569 1418 5628 XVIII.
1835 5567 1853 5570 ’
1907 5571 2021 5645 (79)
2051 5569 2172 5645 Yid.
2205 5567 2342 5637 dipl.
2382 5583 2471 5638 ap.
2504 5567 2794 5645 Betioit._,__p.
2821 5567 3014 5645 XVIII.

203 5640 318 5778 (72)
351 5639 705 5723 Bauzempnt.
799 5639 816 5645 ⁷
1132 5639 1148 5643 “
1909 5639 2022 5710 (80)
2053 5639 2186 5708 Qute
2215 5647 2517 5711 sequuntur
2546 5656 2612 5695 ex
2659 5639 2851 5698 Mirac.
2908 5644 2966 5700 S.
3021 5647 3152 5717 Apri
3208 5658 3428 5722 sumpta

231 5711 322 5778 73)
353 5714 694 5769 Amblevnlle.
1838 5720 1992 5765 sunt.
2026 5731 2030 5735 ·

231 5711 322 5781 73)
353 5713 694 5769 Ambleville.
1838 5720 1992 5765 sunt.
2026 5731 2030 5735 ·

207 5779 316 5854 (74)
348 5783 551 5840 Ornois
1856 5852 1869 5854 _
1911 5783 2018 5854 (81)
2050 5781 2327 5854 lntegrum
2357 5787 2520 5853 caput
2548 5795 2613 5838 ex
2641 5779 2877 5840 Widrici
2909 5783 3030 5842 Vita
3051 5787 3282 5847 Gerardi
3311 5805 3368 5848 ο.
3397 5795 3429 5850 3

352 5856 644 5936 έὶηεθτᾳχ.
1840 5851 2201 5924 descriptan

207 5921 319 5998 (76)
351 5921 688 5984 Girovoiéin.
