3882 6418
499 401 595 456 L63

1738 392 2042 452 APPEND.
2087 392 2180 451 AD
2223 394 2532 454 [’IBONEH
3705 403 3794 458 46$

493 527 642 599 gusti
675 541 970 597 germanus
1015 524 1208 580 frater.
1267 523 1392 592 Ipse
1441 528 1616 576 autem
1668 520 2094 592 praenominatus
2123 523 2172 581 A
2206 522 2542 591 praelationis
2571 524 2911 595 praegravari
2943 504 3224 596 pondere;
3245 527 3451 582 Tamen
3498 526 3793 598 plurimum

498 616 756 688 princeps
785 623 898 670 tum
927 614 1066 670 forte
1095 613 1307 677 aberat,
1341 611 1468 683 quia
1495 609 1632 666 ﬁnes
1664 609 1880 666 Italicos
1929 625 2094 666 causa

498 713 730 778 urgente
769 703 1002 759 adierat.
1044 703 1268 757 Moestus
1297 715 1436 773 ergo
1466 700 1802 755 Leucborum
1833 697 2091 769 populus,

499 795 730 853 consilio
773 793 1026 850 viduatus
1067 790 1320 863 pastoris,
1370 789 1442 845 ad
1501 796 1860 844 memoratum
1909 786 2092 842 archi-

498 891 786 965 prmsulem
817 891 1124 944 Brunonem
1175 887 1388 959 legatos
1431 887 1640 958 dirigit,
1694 883 2094 940 desolationem

497 981 582 1037 sui
610 979 795 1035 humili
822 977 1175 1050 suggestione
1201 975 1434 1042 intimat,
1469 986 1633 1046 utque
1663 973 1768 1029 sibi
1797 987 2093 1028 succurra-

499 1079 587 1126 tur
615 1067 930 1140 suppliciter
959 1064 1283 1138 expostulat,
1317 1080 1385 1120 ne
1407 1062 1558 1119 velut
1576 1079 1710 1135 grex
1728 1059 2091 1121 errabundus.

497 1168 720 1235 pastore
746 1156 980 1228 perdito,
1020 1155 1320 1226 dispereat.
1355 1155 1408 1208 Is
1437 1168 1569 1209 vero
1607 1151 1892 1207 clementis
1939 1163 2094 1205 com-

497 1258 756 1332 passione
803 1252 970 1311 animi
1019 1267 1211 1309 eorum
1257 1259 1309 1307 et
1349 1248 1723 1306 lamentationi
1770 1245 2092 1309 condolens,

497 1350 784 1420 ipsamque
811 1344 1030 1410 urbem,
1060 1340 1306 1398 Francia!
1329 1354 1508 1410 regno
1529 1336 1820 1403 conﬁnem,
1844 1335 2095 1392 Romano

496 1435 812 1508 nuperrime
840 1433 1153 1502 adjunctam
1187 1427 1419 1500 imperio
1451 1425 1832 1499 perpendens,
1883 1437 2096 1478 summa

494 1523 694 1582 mentis
722 1521 1028 1594 angebatur
1055 1516 1438 1586 sollicitudine,
1475 1515 1747 1587 cogitans,
1799 1527 1958 1584 quem
2008 1511 2092 1566 ei-

493 1617 620 1671 dem
649 1611 897 1670 ecclesia:
926 1609 1181 1664 idoneum
1209 1606 1365 1678 juxta
1393 1619 1662 1661 canonum
1693 1603 1830 1658 scita
1875 1599 2092 1673 potuis-

495 1721 576 1770 set
605 1707 920 1784 pontiﬁcem
951 1704 1180 1776 eligere,
1213 1700 1518 1758 secundum
1571 1697 1770 1755 divinae
1809 1695 2092 1784 religionis

491 1783 699 1861 cultum
724 1813 850 1856 cum
881 1795 1119 1850 bonitate
1149 1807 1362 1847 morum
1406 1789 1688 1860 sapientiae
1730 1785 1845 1841 sale
1896 1783 2090 1841 condi-

493 1903 607 1949 tum
637 1897 691 1946 et
719 1888 776 1942 in
805 1883 1048 1941 scientiae
1105 1879 1370 1937 secularis
1426 1877 1604 1932 studio
1659 1873 2074 1932 excercitatum.

495 1981 603 2038 Sed
635 1980 802 2044 Deus,
835 1973 928 2046 qui
967 1973 1024 2026 in
1081 1969 1240 2024 bonis
1281 1965 1342 1996 ”‘
1373 1981 1600 2036 semper
1645 1961 2094 2034 dispositionibus

493 2071 712 2142 piorum
743 2063 948 2118 assistit
977 2058 1282 2124 effectibus,
1315 2057 1432 2124 ejus
1453 2070 1562 2110 non
1583 2052 1832 2124 permisit
1853 2051 2092 2104 animum

491 2141 716 2224 diutinis
747 2141 942 2234 agitari
971 2171 1230 2213 curarum
1261 2152 1538 2218 ﬂuctibus,
1592 2165 1800 2220 suoque
1848 2147 2092 2218 inspira-

491 2259 571 2314 vit
602 2251 664 2283 ²¹’⁷
691 2249 940 2314 consilio,
975 2243 1346 2301 venerabilem
1378 2239 1687 2296 Gerardum
1738 2237 1862 2293 huic
1907 2234 2092 2308 praeﬁ-

492 2345 748 2405 ciendum
781 2337 963 2394 ofﬁcio
993 2337 1291 2396 asciscere,
1345 2346 1508 2402 quem
1558 2327 1845 2384 constabat
1895 2324 2089 2379 utilem

491 2431 715 2507 superni
743 2430 888 2484 dono
917 2422 1215 2480 conditoris
1245 2421 1298 2474 in
1328 2417 1538 2474 cunctis
1569 2417 1824 2471 existere.
1857 2415 1936 2507 lia
1956 2421 2090 2507 tem-

492 2501 706 2598 pestate
737 2519 881 2572 idem
913 2513 1011 2569 Dei
1041 2510 1280 2566 famulus
1301 2506 1510 2598 cellarii
1532 2504 1844 2598 obedientia
1863 2501 2090 2598 impedi-

493 2589 602 2676 tus,
633 2625 733 2682 pro
765 2604 1000 2676 quodam
1029 2615 1137 2656 non
1170 2597 1409 2653 maximo
1469 2611 1700 2650 excessu
1757 2593 1813 2646 in
1869 2589 2089 2646 levioris

491 2711 666 2780 culpte
703 2721 844 2761 nexu
873 2700 1018 2756 intra
1045 2696 1367 2754 claustralia
1397 2702 1514 2750 erat
1545 2699 1700 2763 septa
1741 2689 2086 2758 constitutus,

487 2801 674 2870 ibique
705 2795 1063 2863 lacrymarum
1114 2801 1180 2842 ac
1231 2783 1540 2841 orationum
1600 2781 1918 2835 holocausto
1965 2793 2088 2870 sese

491 2865 810 2944 immolabat
843 2877 1096 2934 attentius
1131 2893 1144 2938 ;
1178 2888 1336 2946 quem
1356 2871 1479 2926 ideo
1501 2869 1734 2926 caelestis
1751 2865 2087 2938 dispensatio

490 2979 594 3036 hac
626 2987 799 3048 parva
826 2966 1072 3040 permisit
1117 2961 1366 3034 temptari
1413 2958 1716 3023 aﬁlictione,
1767 2965 1823 3011 ut
1878 2955 2087 3011 cunctis

488 3076 674 3150 palam
710 3072 1073 3126 inuotesceret
1101 3061 1191 3116 hic
1225 3059 1306 3115 vir
1332 3057 1581 3112 eximius.
1610 3055 1764 3124 cujus
1793 3054 2086 3150 foret-me-

489 3143 578 3222 riti
609 3169 732 3218 ante
762 3158 950 3213 oculos
981 3151 1178 3208 divinae
1229 3145 1724 3217 contemplationis.
1777 3143 2085 3213 Religiosus

2201 611 2528 680 reclamans,
2561 612 2852 683 plurimum
2883 629 3216 686 repugnans,
3267 629 3447 672 coram
3483 616 3605 685 jam
3659 617 3792 671 dicte

2199 699 2588 770 archiprazsule
2616 701 2926 770 deducitur,
2957 709 3011 758 et
3039 703 3138 758 sub
3171 703 3419 772 iussione
3469 703 3793 759 obedientia:

2201 794 2568 864 pontiﬁcalem
2615 797 2827 868 apicem
2885 798 3164 870 suscipere
3218 798 3598 871 compellitur.
3665 802 3790 855 Dum

2203 898 2339 961 ergo
2369 899 2546 940 annus
2576 885 2792 942 incarn.
2848 885 2998 942 dom.
3050 889 3152 944 963
3197 897 3468 955 curreret,
3514 889 3790 944 Lencham

2205 973 2396 1027 urbem
2423 973 2730 1044 adducitur,
2754 974 3046 1047 obviisque
3071 977 3392 1048 populorum
3424 977 3632 1033 turmis
3681 993 3789 1033 cum

2201 1060 2542 1132 hymnisonis
2569 1062 2824 1118 laudibus
2853 1063 3142 1135 excipitur,
3173 1081 3255 1132 ac,
3289 1067 3426 1122 sicut
3460 1081 3590 1122 mos
3613 1065 3792 1138 exige-

2202 1149 2315 1220 bat,
2346 1151 2631 1221 praesulari
2681 1151 2813 1208 sede
2870 1151 3246 1210 intronizatur.
3299 1155 3492 1226 Itaque
3543 1152 3610 1209 ﬁt
3665 1155 3792 1210 mira

2203 1237 2458 1294 exultatio
2487 1239 2542 1294 in
2571 1239 2867 1296 commixto
2885 1240 3108 1313 populo,
3140 1257 3330 1298 omnes
3352 1242 3670 1314 tripudiant
3707 1259 3794 1314 pro

2201 1343 2422 1406 pastore
2450 1336 2669 1408 adepto,
2691 1344 3010 1395 cunctorum
3041 1347 3328 1412 terguntur
3355 1340 3613 1397 lacrima:
3641 1342 3790 1412 hujus

2201 1423 2454 1496 ingressu
2482 1441 2646 1482 novo.
2669 1425 2876 1482 Omnes
2901 1427 3006 1482 sibi
3026 1427 3214 1486 divino
3248 1437 3379 1485 nutu
3410 1430 3608 1485 datum
3637 1431 3794 1486 adse-

2201 1521 2414 1581 verant,
2444 1523 2606 1586 atque
2635 1515 2688 1570 in
2721 1517 2838 1586 ejus
2866 1516 3220 1573 ordinationis
3245 1533 3478 1574 assensu
3527 1518 3796 1590 plausibi-

2199 1601 2324 1658 liter
2343 1603 2618 1659 insonant.
2659 1603 2706 1660 Ο
2736 1605 2780 1660 si
2811 1621 2970 1678 quem
3001 1609 3159 1679 gesta
3189 1607 3303 1678 ejus
3323 1607 3569 1664 delectat
3589 1609 3793 1674 audire,

2199 1703 2399 1759 librum
2427 1704 2552 1760 vitae
2581 1711 2637 1761 et
2679 1711 2901 1762 actuum
2951 1706 3092 1776 ejus,
3139 1707 3233 1780 qui
3279 1708 3426 1779 apud
3476 1708 3793 1780 sepulcrum

2201 1793 2320 1860 ejus
2349 1793 2628 1859 retinetur,
2661 1795 2925 1866 perlegat,
2949 1803 3002 1851 et
3028 1795 3140 1852 illic
3167 1796 3395 1866 pleniter
3424 1795 3699 1854 inveniet.

2113 1883 2166 1942 Β
2267 1893 2362 1945 35.
2400 1890 2540 1946 Huic
2584 1889 2646 1918 ¹³⁰
2674 1907 2810 1964 ergo
2849 1891 2992 1947 viain
3029 1892 3297 1949 universae
3341 1894 3534 1950 carnis
3577 1894 3794 1968 ingres-

2201 2003 2264 2042 so
2295 1989 2464 2058 (994),
2496 1988 2730 2043 domnus
2759 1988 3070 2060 Stephanus
3112 2005 3401 2046 successor
3433 1992 3563 2061 ejus
3608 1994 3792 2058 extitit,

2199 2075 2370 2132 nobili
2400 2077 2788 2132 Parisiensium
2817 2078 2989 2150 stirpe
3009 2079 3204 2144 editus,
3229 2079 3298 2136 de
3320 2080 3503 2136 Lineri
3538 2082 3671 2137 villa
3693 2083 3791 2146 (8’2)

2199 2174 2423 2246 antiqua
2454 2175 2757 2246 propagine
2785 2183 2964 2230 ortus.
3003 2175 3106 2245 Qui
3137 2177 3189 2230 in
3220 2177 3488 2233 Metelahe
3567 2178 3632 2207 ’“
3693 2181 3790 2246 (83v

2200 2263 2432 2319 cenobio
2462 2267 2493 2318 8
2537 2264 2656 2319 Kal.
2707 2263 2833 2318 Julii
2883 2263 3179 2335 pontiﬁcali
3215 2266 3459 2339 unguine
3504 2281 3790 2324 consecra-

2197 2357 2305 2418 tus,
2339 2352 2554 2407 modico
2577 2353 2840 2424 temporis
2887 2353 3081 2425 spatio,
3140 2369 3282 2410 anno
3352 2353 3418 2383 ’”
3471 2356 3696 2412 scilicet
3748 2367 3790 2412 et

2199 2441 2386 2507 semis,
2421 2441 2692 2513 regimine
2725 2441 2947 2512 potitus,
2977 2443 3010 2496 4
3051 2442 3177 2498 ldus
3234 2443 3416 2498 Martii
3474 2444 3636 2514 (996)
3695 2446 3787 2500 vita

2198 2529 2432 2584 excessit
2464 2530 2618 2600 apud
2648 2530 2886 2584 Bodonis
2914 2531 3322 2597 monasterium,
3354 2540 3407 2586 et
3439 2531 3604 2601 juxta
3650 2533 3785 2588 beati

2197 2617 2569 2688 apostolorum
2619 2617 2882 2689 principis
2943 2618 3082 2674 Petri
3138 2619 3308 2676 allare
3363 2628 3448 2676 est
3498 2622 3786 2677 tumulatus

2197 2707 2338 2778 apud
2375 2706 2724 2763 Medianense
2753 2707 3065 2762 cmuobium
3099 2710 3237 2778 (84).

2266 2804 2363 2858 36.
2401 2804 2509 2859 Sed
2537 2805 2656 2860 haec
2683 2805 2876 2860 eadem
2924 2806 3227 2861 Leucorum
3265 2806 3463 2862 civitas
3518 2824 3624 2864 suo
3669 2825 3783 2865 rec—

2195 2901 2316 2948 tore
2347 2894 2623 2952 destituta.
2651 2909 2999 2966 nequaquam
3029 2893 3227 2950 diutius
3272 2904 3372 2962 est,
3424 2897 3546 2952 Deo
3591 2898 3780 2968 dispo-

2194 2989 2380 3048 nente,
2415 2981 2757 3052 pessumdari
2789 2982 3085 3052 permissa.
3132 2984 3269 3038 Nam
3317 2985 3458 3040 votis
3506 2987 3782 3058 utriusque

2197 3070 2438 3124 ﬁdelium
2471 3070 2702 3137 ordinis,
2735 3071 3012 3142 aspirante
3041 3070 3329 3128 clementia
3356 3073 3557 3129 divinae
3617 3077 3780 3144 maje-

2193 3170 2372 3231 statis,
2435 3169 2844 3240 triumphatoris
2900 3169 3106 3232 invicti.
3162 3170 3364 3227 domini
3405 3169 3466 3199 ’”
3534 3173 3781 3230 videlicet

490 3267 627 3326 ergo
657 3246 902 3322 Ροηῑίῖθκ
933 3244 1115 3297 Βνυηο
1146 3239 1366 3330 θά-δῗδθ
1396 3233 1764 3330 Ρ-ξίτξιίζῖοιθτί
1793 3233 2082 3330 (ξοηνοθηθίν
2119 3238 2168 3302 C
2197 3257 2410 3313 Ottonis
2443 3233 2616 3313 tercii
2629 3258 2866 3330 augusti,
2913 3259 3136 3314 decreto
3195 3267 3489 3328 statuente,
3547 3262 3780 3316 domnus

491 3319 585 3400 eis
600 3319 914 3409 coepiscOpi
943 3331 1026 3386 sui
1055 3327 1244 3383 domui
1271 3323 1524 3381 Gauzlini
1561 3319 1622 3349 ”‘
1654 3321 1938 3375 transitum
1983 3319 2092 3374 ile-—

493 3443 659 3498 bilem
687 3433 947 3495 notiﬁcat,
981 3441 1255 3502 quemque
1287 3423 1365 3478 illi
1416 3435 1802 3479 successorem
1859 3419 2090 3489 dignum

494 3533 778 3600 subroget,
800 3518 1138 3578 familiariter
1153 3512 1446 3570 consultat.
1473 3511 1598 3565 Mox
1615 3509 1872 3564 decumus
1895 3506 2093 3561 divinae

497 3597 708 3678 amator
737 3607 1038 3682 religionis,
1073 3604 1196 3659 sani
1225 3601 1478 3674 prudens
1509 3597 1749 3663 consilii,
1798 3597 1914 3664 ejus
1955 3610 2093 3650 con-

419 3719 424 3722 '
499 3707 734 3765 sultibus
759 3702 879 3756 llth
907 3693 1142 3752 reddidit
1178 3709 1192 3745 :
1226 3691 1304 3760 Si,
1338 3689 1555 3745 domine
1584 3686 1814 3760 praesul,
1843 3699 1965 3740 meo
2003 3684 2093 3739 di-

499 3807 694 3882 gnaris
709 3799 936 3857 tantillo
949 3792 1177 3852 credere
1197 3789 1364 3855 dicto,
1372 3790 1616 3859 fratrem
1643 3783 1949 3882 Gerardum
1964 3781 2094 3882 huic

499 3879 826 3980 graduiprw
837 3889 1322 3953 ceterisidoneum
1342 3884 1581 3940 veridico
1605 3880 1666 3911 ”'
1697 3897 1886 3937 assero
1931 3879 2093 3935 testi-

506 3970 724 4056 monio,
751 4003 913 4060 quem
959 3997 1089 4037 vera
1125 3976 1455 4033 humilitate
1497 3972 1834 4042 subjectum,
1873 3970 2096 4060 ρνοηπέα

504 4058 824 4146 obedientia
844 4075 1086 4137 clarum,
1109 4063 1421 4138 longanimi
1457 4061 1742 4135 patientia
1777 4058 2095 4114 certissime

505 4174 746 4232 attestor
767 4163 1084 4238 probatum.
1121 4158 1351 4225 Insuper
1381 4152 1495 4221 ejus
1530 4149 1798 4246 diutinam
1831 4149 1886 4201 in
1921 4147 2096 4246 paeni-

513 4261 680 4320 tentia
700 4236 1420 4329 perseverentiamimimat,
1462 4239 1674 4329 Deique
1700 4245 1842 4329 Anutu
1885 4236 2098 4329 ad_sibi

506 4325 840 4411 credendum
862 4344 1097 4394 mentem
1119 4331 1377 4406 praesulis
1397 4345 1504 4385 non
1522 4328 1678 4383 tarde
1697 4325 2100 4382 inclinat.Tunc

509 4443 748 4497 decanos
776 4427 1102 4504 prazlibatus
1148 4423 1364 4478 beatum
1414 4417 1726 4472 Gerardum
1783 4429 1814 4468 a
1872 4413 2098 4470 claustri

507 4529 824 4610 pmnitentia
872 4523 1031 4594 rapit,
1078 4519 1144 4574 ad
1202 4512 1757 4610 domum_propriam
1817 4512 2100 4610 insperato

2197 3347 2482 3402 Bertoldus
2513 3346 2626 3418 (85)
2654 3346 3010 3402 nobilissimis
3033 3347 3456 3404 Alemannorum
3506 3350 3778 3405 natalibus

2200 3445 2372 3502 ortus,
2407 3436 2460 3490 in
2493 3443 2685 3491 sancta
2716 3435 2978 3508 religione
3003 3437 3348 3508 conspicuus,
3381 3454 3480 3508 per
3511 3439 3612 3494 Dei
3655 3455 3780 3510 pro-

2200 3525 2493 3580 videntiam
2527 3524 2752 3590 electus,
2785 3524 2839 3578 in
2871 3526 2974 3582 bac
3000 3525 3133 3580 sede
3161 3535 3242 3580 est
3271 3529 3304 3582 5
3352 3527 3475 3582 ldus
3526 3527 3780 3584 Octobris

2201 3613 2437 3685 pontifex
2469 3613 2773 3669 ordinatus.
2827 3611 2933 3682 Qui
2989 3613 3413 3685 praedecessoris
3457 3615 3544 3670 sui
3601 3617 3780 3672 domui

2203 3701 2428 3756 Gerardi
2461 3715 2644 3755 mores
2673 3708 2725 3756 et
2754 3699 3000 3756 instituta
3028 3716 3125 3772 pro
3157 3717 3322 3774 posse
3364 3703 3627 3770 imitatus,
3680 3722 3780 3762 non

2204 3790 2348 3844 valet
2400 3789 2682 3860 explicari,
2745 3798 2962 3860 quantae
3009 3790 3262 3847 bonitatis
3305 3799 3358 3847 et
3403 3792 3779 3850 muniﬁcentia

2200 3877 2460 3949 Operibus
2517 3879 2585 3932 ad
2631 3877 2903 3949 prepriam
2961 3879 3324 3946 decorandum
3372 3881 3556 3937 sedem
3629 3883 3781 3938 fuerit

2203 3967 2612 4038 comprobatus.
2679 3968 2818 4022 Nam
2876 3967 3168 4042 diligenter
3217 3969 3422 4024 clezum
3478 3970 3778 4041 instituens,

2205 4056 2352 4112 viros
2381 4056 2675 4128 prudentes
2717 4056 2972 4112 familiari
3008 4055 3069 4086 "‘
3099 4057 3386 4114 dilectione
3431 4075 3542 4130 pre
3589 4062 3779 4116 ceteris

2205 4145 2559 4217 amplectens,
2591 4161 2890 4219 eoi-umque
2918 4147 3223 4203 consilioin
3273 4147 3524 4204 omnibus
3579 4151 3774 4215 nitens,

2204 4234 2399 4290 urbem
2428 4235 2596 4290 rebus
2649 4237 2822 4297 auxit,
2883 4235 3145 4307 sapientia
3202 4236 3500 4302 decoravit,
3556 4241 3776 4309 provida

2205 4324 2614 4390 dispensatione
2643 4324 2895 4380 munivit.
2929 4323 3064 4388 Quis
3095 4333 3273 4380 autem
3306 4333 3466 4397 queat
3492 4325 3603 4382 ullo
3626 4329 3772 4384 ratio-

2208 4413 2292 4468 nis
2321 4411 2490 4468 aﬁ'atu
2520 4413 2790 4484 pandere,
2823 4429 2982 4487 quam
3013 4414 3251 4486 prudens
3295 4422 3347 4470 et
3390 4424 3579 4471 cautus
3629 4417 3776 4472 fuerit

2205 4508 2260 4564 in
2290 4509 2438 4565 omni
2469 4525 2568 4564 sua
2599 4525 2655 4564 re
2684 4509 3047 4580 disponenda,
3080 4527 3202 4582 qua;
3233 4521 3286 4566 et
3311 4521 3507 4583 quanta
3533 4529 3650 4570 suae
3685 4531 3775 4571 ec-

505 4597 748 4690 adducit,
779 4615 1092 4672 balneolum
1122 4607 1365 4664 vestibus
1400 4603 1584 4658 nitidis
1641 4619 1704 4656 ex
1736 4617 1852 4690 suo
1899 4601 2092 4690 induit,
2125 4601 2178 4662 D
2209 4597 2390 4653 clesiae
2425 4597 3113 4690 acquisieritornamenta,
3149 4600 3340 4690 quibus
3369 4599 3611 4690 aediﬁciis
3638 4604 3774 4659 elau-

505 4689 846 4781 mirautique,
879 4701 1009 4775 quid
1030 4697 1154 4754 novi
1175 4693 1540 4781 portenderet,
1574 4689 1840 4781 eumiure,
1876 4689 2094 4781 ρρίεςο-

503 4821 634 4880 pum
665 4777 938 4872 praedicit.
977 4787 1091 4844 Sed
1222 4780 1442 4880 Domini
1473 4781 1528 4835 in
1550 4779 1866 4880 humilitatis
1897 4777 2096 4880 funda-

500 4867 682 4951 mento
714 4883 944 4941 ﬁrmiter
993 4873 1286 4941 stabilitus,
1338 4869 1464 4925 huic
1512 4867 1844 4924 ordiuationi
1887 4867 2096 4924 cunctis

497 4977 842 5040 obnitebatur
865 4966 1092 5029 viribus,
1113 4960 1396 5032 magisque
1419 4955 1578 5028 elegit
1602 4953 1943 5026 pristimnum
1972 4969 2094 5026 pce-

497 5067 738 5130 nitentiae
791 5057 960 5118 otium
1008 5059 1276 5124 repetere,
1346 5061 1511 5120 quam
1568 5043 1730 5114 hujus
1805 5043 2097 5100 laboriose

2204 4693 2370 4742 strum
2403 4687 2482 4742 sui
2507 4686 2639 4742 cleri
2671 4687 3022 4743 adornaverit
3054 4685 3134 4753 ’",
3167 4687 3358 4760 quibus
3411 4689 3774 4747 emolumentis

2205 4792 2358 4830 suam
2388 4775 2578 4832 sedem
2607 4775 3020 4848 ampliﬁcaverit
3039 4778 3066 4832 ?
3098 4777 3300 4834 Verum
3327 4793 3496 4849 pauca
3523 4782 3774 4850 perstrin-

2203 4881 2402 4938 gamus
2432 4865 2500 4920 de
2531 4865 2801 4936 pluribus,
2833 4881 2956 4922 cum
2986 4866 3204 4939 singula
3223 4883 3536 4938 percurrere
3555 4869 3771 4926 sufﬁciat

2205 4954 2404 5010 nullus.
2436 4955 2534 5010 Hic
2565 4954 2857 5026 adquisivit
2882 4969 2915 5010 a
2942 4955 3278 5012 Theodorico
3297 4955 3434 5012 duce
3455 4955 3678 5014 Askeim
3718 4959 3769 4987 ⁸⁵⁸

2203 5043 2391 5100 villam
2423 5044 2534 5116 (86)
2565 5052 2622 5100 et
2651 5043 2859 5101 Alraldi
2890 5040 2953 5073 ’⁸⁷
2978 5052 3185 5102 curtem
3217 5053 3269 5102 et
3295 5045 3532 5102 Monoldi
3577 5047 3762 5117 villam,

1794 5193 2030 5249 VARI/I5
2065 5191 2366 5251 LECTION
2372 5196 2458 5252 ES
2473 5235 2486 5250 .

567 5344 626 5379 ιι·
667 5343 818 5401 deest
851 5341 908 5392 ι.
1093 5341 1292 5406 ιηξριηξ

498 5395 812 5500 Stephanus
841 5405 1010 5464 nobili
1036 5395 1388 5458 Patriensium
1417 5395 1474 5450 2.
1511 5397 1564 5473 3..
1647 5395 1708 5420 ²³¹
1739 5395 1982 5473 metelae]

501 5493 624 5535 rim't
657 5493 710 5535 3-
799 5474 1159 5535 "‘ornaterit
1187 5473 1246 5524 3.
1341 5462 1402 5494 ’“
1433 5465 1610 5520 askim
1642 5467 1692 5518 l.
1715 5465 1900 5520 aschei
1929 5466 1982 5517 3.

1003 5324 1391 5397 1""iuspiraule
1425 5325 1442 5397 l
1482 5319 1509 5376 ‘2
1595 5315 2007 5397 ’"ugauzelinij
2044 5321 2094 5397 ?_
2272 5317 2517 5397 juridico
2545 5318 2630 5397 l_?
2812 5314 2951 5397 Huic
2985 5313 3169 5397 extitit
3206 5331 3511 5397 successor
3555 5317 3764 5397 domum

1647 5389 1708 5420 ²³¹
1739 5391 2042 5446 metelacho
2071 5395 2122 5446 2.
2157 5389 2206 5445 3.

2071 5460 2136 5490 ’³⁷
2163 5461 2376 5517 adraldi
2397 5466 2456 5516 3.

2297 5387 2362 5418 ’"
2393 5391 2551 5446 annis
2583 5389 2633 5446 1.
2700 5387 2763 5418 ⁸³³
2791 5391 2945 5446 deest
2979 5393 3026 5446 l.
3112 5384 3172 5418 ’“
3199 5387 3450 5446 familiari
3478 5392 3531 5446 2.
3551 5391 3762 5450 familia-

2021 5584 2231 5643 ΝΟΤιΕ
2243 5627 2256 5641 .

566 5699 1086 5779 (κὼιιιηξνίυθε,
1186 5763 1199 5775 .
1259 5778 1262 5779 ί
1341 5761 1352 5775 .

567 5768 678 5846 (s33
709 5779 768 5830 In
797 5769 1016 5846 dioecesi
1044 5768 1088 5846 '1:
1091 5768 1382 5846 revirensi.

569 5824 681 5910 {aii
710 5824 1037 5900 iit—ciuem.
1071 5835 1480 5910 bleclianimon‘.
1515 5829 1637 5910 ss.
1660 5824 1750 5896 tv,
1783 5846 1838 5900 p.
1873 5830 1966 5884 9t.

571 5901 683 5998 (85}
713 5915 906 5974 Benoit
921 5919 1042 5964 ante
1073 5905 1422 5960 Bertboldum
1447 5901 1740 5956 Robertum
1781 5901 2081 5973 quemdam

2197 5685 2518 5764 episcopum
2545 5683 2718 5764 fuisse
2747 5683 2977 5764 electum
3009 5687 3198 5764 monet
3224 5684 3438 5764 p._3£l,
3499 5682 3759 5764 diplomate

2193 5755 2714 5830 allatofquodcum
2740 5757 2981 5812 nondum
3025 5755 3230 5812 editum
3286 5755 3618 5828 invenerim,
3669 5775 3760 5816 rem

2191 5829 2460 5884 incertam
2491 5829 2774 5900 relinquo.

2260 5901 2376 5973 (86)
2405 5897 2728 5974 Acreignes,
2755 5901 3054 5968 Haracour,
3089 5897 3445 5957 Manonville.
