3882 6456
138 486 253 545 465

1341 489 1576 547 GESTA
1616 489 1811 547 EPISC
1826 532 1839 546 .
1875 487 2216 547 TULLENS.

3345 485 3449 546 468

130 612 281 667 dans
302 612 355 667 in
385 612 764 669 concambium
789 630 848 663 su
882 612 1231 685 Vamplenam
1272 613 1453 669 villam
1502 624 1553 670 et
1598 614 1731 670 reli-
1761 591 1819 652 Α
1845 617 2004 671 anuis
2028 614 2320 688 pontiﬁcali
2351 617 2558 673 honore
2588 614 2811 689 potitus,
2844 630 2953 671 non
2984 620 3065 670 est
3106 611 3265 671 facile
3312 629 3445 670 nar-

128 717 285 772 quas
308 718 441 772 quas
461 702 694 757 domnus
716 712 775 742 m
798 702 1071 757 Geraldus
1100 702 1300 774 prasul
1357 719 1389 758 a
1432 702 1568 758 duce
1598 705 1739 757 Beu-

127 790 281 845 trice
300 806 398 859 pro
429 790 590 845 Barro
618 796 807 845 monte
837 800 1142 861 acceperat.
1181 791 1424 862 Adeptus
1454 799 1537 846 est
1567 792 1741 847 eccle—

127 878 283 933 siam
310 878 379 933 de
401 873 667 933 Sorciaco
690 885 751 915 κο
787 879 854 932 ab
876 880 1103 951 Hugone
1148 879 1366 950 clerico,
1399 888 1451 935 et
1481 881 1740 951 praedium

129 966 424 1022 Dominica
457 968 543 1021 via
582 964 641 993 "1
688 967 915 1032 dictum,
950 975 1003 1022 et
1034 967 1327 1022 ecclesiam
1374 984 1493 1039 qua
1542 968 1741 1023 dicitur

117 1054 460 1121 Castellum,
512 1062 565 1108 et
612 1055 853 1110 alodium
911 1056 1276 1110 Baddonviler
1305 1057 1367 1085 ¹⁴⁹
1409 1057 1632 1122 dictum,
1686 1066 1740 1111 et

130 1143 431 1199 ecclesiam
461 1151 513 1197 et
543 1143 828 1199 castellare
857 1144 926 1197 de
961 1144 1230 1199 Pauniaco
1248 1146 1308 1173 ’“
1343 1145 1477 1214 (8'7),
1515 1154 1569 1199 et
1599 1160 1740 1215 pra-

130 1231 290 1286 dium
322 1232 391 1286 de
424 1232 695 1287 Pauniaca
723 1231 870 1297 villa,
904 1240 956 1285 et
1004 1232 1222 1286 terciam
1253 1240 1461 1302 partem
1491 1233 1643 1287 silva
1670 1234 1740 1288 de

130 1320 341 1375 Haseio
369 1319 431 1350 ’“
458 1320 722 1391 pradium
764 1320 833 1374 de
891 1321 1164 1385 Marceio,
1208 1329 1262 1374 et
1305 1331 1517 1391 partem
1567 1321 1739 1376 Odel-

129 1409 237 1464 riei
268 1409 322 1463 in
354 1408 491 1462 villis
518 1409 587 1463 de
616 1408 864 1463 Wasleio
894 1416 945 1462 et
975 1407 1044 1462 de
1078 1410 1318 1479 Longort
1346 1417 1400 1464 et
1429 1410 1496 1463 de
1530 1410 1655 1465 Laio
1686 1418 1741 1464 et

130 1508 206 1560 de
241 1506 495 1562 Orcadis.
543 1506 693 1560 Idem
754 1505 1059 1575 impetravit
1115 1508 1227 1575 (88)
1282 1508 1352 1561 al)
1411 1507 1738 1578 imperatore

130 1595 403 1650 Heinrico
452 1602 505 1649 et
540 1595 601 1623 ³⁴³
651 1594 889 1648 bannum
945 1595 1251 1649 venationis
1308 1611 1476 1664 super
1531 1596 1736 1649 Mosam

130 1683 368 1737 fluvium
401 1682 608 1750 (1011),
640 1698 672 1735 a
697 1681 1014 1751 Segintensi
1044 1695 1101 1726 ηε
1133 1683 1391 1737 comitatu
1423 1685 1534 1752 (89)
1566 1699 1737 1755 usque

127 1772 457 1827 Sorciacum
480 1769 560 1825 "7.
592 1771 713 1840 Ipse
744 1770 1113 1840 reimpetravit
1141 1771 1202 1799 ²⁴⁸
1231 1772 1300 1825 ab
1330 1772 1525 1826 eodem
1558 1772 1735 1842 impe-

126 1870 320 1914 ratore
349 1858 407 1888 "°
445 1858 602 1914 reddi
644 1858 894 1915 ecclesia
942 1875 1054 1913 sua
1108 1858 1167 1885 ²⁵⁰
1204 1859 1387 1915 villam
1440 1860 1495 1913 in
1533 1860 1733 1915 Halsa-

125 1963 218 2017 cio
242 1959 303 1988 ²⁵¹
333 1961 493 2015 sitam
521 1961 634 2032 (90)
669 1977 789 2032 qua
821 1968 1053 2016 vocatur
1110 1962 1374 2016 Berchem
1404 1975 1488 2029 an,
1522 1970 1574 2016 et
1602 1964 1726 2017 the-

125 2058 354 2114 loneum
387 2060 443 2114 et
472 2058 782 2113 districtum
833 2057 1018 2113 mina.
1088 2058 1396 2130 Adquisivit
1449 2060 1611 2114 etiam
1663 2060 1733 2114 ab

126 2158 335 2211 Emma
361 2157 640 2213 comitissa
663 2155 929 2226 pradium
948 2155 1090 2226 quod
1105 2155 1303 2212 dicitur
1334 2156 1731 2224 Fontiniaeum,

128 2264 186 2311 et
217 2270 254 2310 ο,
283 2254 511 2325 praefato
541 2254 864 2324 imperatore
908 2253 1168 2324 quicquid
1211 2252 1267 2307 in
1311 2253 1495 2308 Caulei
1524 2263 1583 2291 2⁵³
1610 2254 1734 2309 villa

129 2353 424 2409 videbatur
455 2351 682 2407 habere.
720 2351 1023 2407 Cenobium
1050 2366 1267 2424 quoque
1319 2351 1373 2406 in
1427 2353 1633 2410 honore
1674 2351 1734 2381 ’°‘

128 2457 312 2511 sancti
340 2453 640 2510 Salvatoris
670 2453 722 2507 in
753 2454 896 2509 saltu
940 2455 1161 2527 Vosago
1209 2455 1533 2522 construxit,
1590 2455 1736 2527 quod

127 2553 375 2608 diversis
402 2550 794 2608 ecclesiasticis
814 2552 1151 2606 ornamentis
1173 2552 1567 2608 decentissime
1590 2553 1735 2608 locu.

130 2649 381 2721 pletavit,
422 2656 475 2703 et
516 2649 713 2720 stipem
750 2664 816 2703 ex
860 2649 943 2702 his
1000 2666 1122 2719 qua
1147 2649 1480 2721 adquisierat
1540 2651 1608 2704 ad
1659 2649 1736 2705 vi-

128 2749 274 2822 ginti
325 2755 720 2804 monachorum
758 2756 959 2803 catum
1014 2747 1148 2801 inibi
1206 2748 1506 2819 delegavit.
1536 2749 1735 2804 Eccle-

131 2847 277 2900 siam
310 2845 450 2900 beati
482 2845 731 2914 baptista
758 2844 1042 2909 Johannis,
1074 2860 1196 2914 qua
1234 2845 1441 2900 dicitur
1488 2846 1557 2900 ad
1588 2846 1735 2900 Fon-

132 2944 239 3009 tes,
272 2957 489 2997 necnon
516 2941 799 2997 basilicam
840 2941 1137 2996 venerandi
1181 2940 1449 3012 pontificis
1512 2942 1736 2997 Vedasti

137 3040 285 3094 intra
317 3054 474 3094 suam
532 3038 721 3093 sedem
768 3036 1061 3104 editicavit,
1092 3053 1216 3093 cum
1266 3039 1501 3094 ecclesia
1537 3047 1737 3093 sancta

132 3136 437 3193 Genoveta
464 3142 524 3170 ’⁵³
554 3134 784 3207 virginis
804 3135 1013 3206 (10l8).
1047 3137 1109 3189 In
1137 3135 1278 3190 saltu
1310 3151 1369 3181 tu
1405 3138 1618 3209 Vosego
1640 3154 1735 3192 re-

132 3233 334 3288 struxit
361 3232 603 3288 Bodonis
631 3232 1046 3301 monasterium,
1073 3249 1284 3290 necnon
1307 3234 1482 3289 sancti
1508 3235 1738 3291 Dcodati

135 3330 449 3387 cenobium.
492 3331 695 3385 Valvas
752 3345 866 3385 sua
916 3330 1063 3385 sedis
1109 3331 1248 3386 miro
1282 3331 1471 3403 polivit
1520 3332 1739 3398 decore,
1770 3299 1818 3362 Ο

136 3430 310 3485 altare
341 3444 615 3484 summum
655 3428 1153 3499 incomparabiliter
1188 3425 1479 3486 exornavit
1533 3429 1652 3484 auri
1680 3445 1741 3486 ac

135 3541 486 3599 gemmarum
539 3525 769 3598 fulgore,
819 3524 1237 3580 innumerabilia
1280 3541 1536 3582 vasorum
1567 3520 1631 3552 ⁸⁵⁷
1657 3525 1747 3581 ad-

138 3615 361 3687 quisivit
418 3629 627 3687 genera
681 3613 1047 3686 pulcritudine
1099 3622 1152 3670 et
1207 3614 1549 3669 multitudine
1597 3614 1743 3670 nullo

132 3716 325 3788 precio
356 3716 588 3771 taxanda
645 3714 730 3771 ’⁵⁸.
770 3713 985 3787 Quique
1020 3722 1075 3769 ut
1132 3731 1270 3787 apes
1318 3715 1742 3787 prudentissima

134 3815 519 3885 undecumque
542 3812 890 3885 perquirens,
923 3812 1203 3884 quomodo
1237 3813 1481 3869 ecclesia
1512 3830 1626 3868 sua
1648 3829 1741 3869 se-

137 3911 223 3966 dis
254 3919 440 3982 posset
463 3910 746 3981 prodesse,
780 3925 1228 3981 pernoscensque
1260 3912 1343 3977 m,
1376 3910 1612 3981 qualiter
1640 3927 1740 3966 ne-

137 4016 308 4072 quam
359 4007 413 4054 et
461 3998 809 4054 detestabiles
866 3998 1115 4053 homines
1177 4015 1274 4054 suo
1340 3996 1741 4069 praedecessori

138 4095 344 4151 domno
373 4108 434 4137 κο
464 4094 711 4150 Gerardo
742 4093 973 4150 fuissent
1004 4094 1264 4163 injuriati,
1298 4111 1393 4150 eos
1421 4110 1741 4165 usquequa—

138 4214 247 4269 que
276 4198 350 4254 ob
375 4197 666 4252 vindictam
694 4203 896 4251 sancta
916 4196 1165 4252 ecclesia
1193 4205 1275 4251 est
1305 4207 1628 4268 persecutus
1653 4201 1737 4264 "1,

135 4311 200 4351 ac
230 4295 473 4364 ipsorum
503 4293 711 4359 foveas,
744 4293 836 4348 ubi
866 4292 1010 4348 velut
1040 4294 1299 4350 crudeles
1332 4294 1462 4350 fera
1491 4294 1737 4349 abscon-

137 4384 428 4450 debantur,
478 4382 715 4437 funditus
770 4382 1001 4447 evertit;
1067 4391 1306 4438 castrum
1381 4383 1590 4439 scilicet
1666 4384 1739 4438 de

135 4480 452 4537 Reuvalt’"
479 4488 532 4534 et
559 4479 629 4534 de
660 4478 949 4545 Pauniaeo,
986 4495 1209 4535 omnem
1271 4495 1489 4552 quoque
1518 4485 1578 4516 ⁵⁸³
1611 4480 1737 4535 illo-

134 4594 252 4633 rum
303 4578 553 4633 odiosam
604 4576 927 4649 progeniem
968 4576 1046 4631 ita
1090 4577 1404 4644 adnullavit,
1439 4586 1496 4634 ut
1532 4578 1737 4634 nemini

1848 714 1986 772 ratu,
2014 706 2144 777 quid
2174 706 2415 761 utilitatis
2445 710 2559 774 ejus
2591 704 2970 761 desiderabilis
3016 704 3123 758 vita
3152 703 3445 759 contulerit

1848 799 1946 868 ”‘,
1976 801 2104 872 quid
2133 802 2442 858 detrimenti
2491 802 2614 874 ejus
2658 804 2914 873 prasenti
2971 800 3155 855 seculo
3203 800 3445 873 lugenda

1848 912 1996 950 mors
2027 894 2285 966 effecerit,
2306 898 2430 969 quia
2460 898 2530 953 ad
2569 899 2738 969 ipsius
2769 897 3105 953 enarrandos
3136 902 3289 953 actus
3320 912 3444 952 om-

1848 984 1930 1038 nis
1960 984 2145 1055 lingua
2178 988 2496 1053 succumbit,
2523 987 2807 1058 majusque
2838 986 3182 1056 dispendium
3215 986 3444 1057 praebuit

1847 1072 1971 1143 ejus
2000 1074 2180 1128 obitus
2225 1073 2691 1130 inconsolabiliter
2728 1074 2943 1145 ﬂebilis,
2979 1090 3138 1147 quam
3172 1074 3215 1128 si
3250 1074 3331 1128 fas
3362 1078 3445 1129 est

1847 1171 1973 1238 dici,
1998 1173 2288 1244 profuisset
2317 1174 2460 1228 illius
2493 1175 2602 1230 vita
2633 1174 2788 1229 omni
2830 1174 3033 1229 mundo
3089 1173 3433 1244 exeptabilis.

1846 1272 2036 1341 Itaque
2067 1276 2096 1325 8
2119 1271 2241 1326 Kal.
2267 1273 2600 1343 Septembris
2619 1273 2779 1328 beato
2802 1272 2908 1327 ﬁne
2926 1272 3201 1328 hominem
3224 1272 3435 1339 exiens,

1845 1367 1921 1423 ita
1950 1385 2049 1424 suo
2078 1385 2210 1425 casu
2241 1373 2519 1441 prOpriam
2548 1372 2736 1425 sedem
2758 1371 3149 1441 pessumdedit,
3184 1374 3239 1424 ut
3272 1370 3339 1423 de
3369 1385 3435 1424 eo

1844 1464 1912 1518 ab
1942 1465 2192 1520 erunibus
2230 1468 2404 1537 possit
2448 1469 2683 1523 veridice
2725 1469 3049 1538 protestari:
3094 1490 3116 1515 κ
3149 1465 3436 1522 Bertoldus

1845 1555 2052 1608 cunctis
2082 1555 2355 1611 succiduis
2387 1557 2490 1611 sibi
2529 1567 2588 1597 κδ
2616 1557 3085 1627 incomparabilis.
3123 1580 3144 1604 η
3182 1554 3436 1626 Sepultus

1843 1660 2019 1706 autem
2053 1661 2136 1706 est
2167 1652 2219 1706 in
2252 1654 2432 1708 medio
2464 1670 2577 1709 sua
2608 1654 2937 1724 pontiﬁcalis
2967 1654 3235 1717 ecclesiae,
3260 1653 3438 1709 incon-

1842 1739 2129 1795 solabilem
2162 1741 2473 1812 relinquens
2504 1742 2689 1798 ﬂetum
2713 1742 2862 1796 omni
2892 1750 3093 1797 nostra
3122 1742 3327 1812 patria.

1916 1840 2000 1893 37.
2025 1837 2198 1907 Quem
2221 1840 2543 1896 subsecutus
2574 1848 2656 1895 est
2684 1840 2915 1895 domnus
2946 1840 3307 1894 Herimannus
3338 1855 3436 1893 no-

1758 1946 1811 2004 Β
1840 1926 1932 1980 bili
1956 1928 2439 1998 Agrippinensium
2471 1946 2529 1974 ’σο
2549 1944 2753 2000 genere
2784 1926 3433 1998 procreatus,litterarum

1841 2024 2053 2093 studiis,
2087 2034 2140 2079 ut
2171 2025 2329 2081 decet
2360 2026 2592 2091 nobiles,
2641 2024 2888 2097 adprime
2919 2024 3182 2080 eruditus.
3230 2023 3333 2093 Qui
3368 2027 3432 2076 13

1844 2122 1967 2176 Kal.
2006 2123 2245 2176 Januarii
2274 2122 2570 2192 pontiﬁcali
2613 2130 2858 2177 sacratus
2913 2122 3189 2188 unctione,
3237 2121 3289 2175 in
3324 2104 3436 2175 sibi

1843 2216 1904 2246 ’⁸⁷
1924 2236 1954 2274 a
1986 2221 2099 2275 Deo
2129 2221 2369 2289 injuncto
2400 2237 2622 2276 munere
2653 2220 2953 2292 septennali
3001 2220 3131 2274 vixit
3164 2228 3429 2290 tempore.

1844 2310 1964 2379 Ipse
2020 2325 2217 2379 corpus
2275 2310 2417 2364 beati
2477 2308 3038 2365 Amonisacoenobin
3093 2308 3324 2382 gloriosi
3370 2307 3432 2337 ’“

1844 2406 2390 2461 lliausuetitranstulit
2422 2415 2473 2461 et
2494 2407 2552 2441 ²⁶⁹
2584 2408 2635 2460 in
2660 2405 2891 2462 ecclesia
2922 2406 3431 2476 episcopalis‘sedis,

1843 2503 1935 2557 ubi
1993 2520 2134 2558 nunc
2190 2502 2487 2559 honoriﬁce
2545 2511 2850 2571 veneratur,
2903 2502 3207 2558 collocavit.
3258 2502 3328 2575 [ts
3379 2501 3440 2532 ’⁷ο

1846 2616 2180 2672 quamquam
2211 2601 2377 2657 nichil
2408 2601 2730 2671 pradiorum
2756 2616 2867 2655 sua
2897 2600 3143 2656 ecclesia
3168 2600 3437 2671 adquisie-

1844 2696 1931 2765 rit,
1957 2706 2265 2768 praeventus
2283 2696 2553 2753 brevitate
2568 2697 2852 2768 temporis,
2876 2705 3053 2752 tamen
3068 2712 3183 2753 eam
3201 2698 3435 2753 diversis

1844 2802 1941 2856 pro
1972 2802 2131 2857 posse
2154 2803 2250 2842 suo
2282 2801 2341 2831 ’τι
2386 2787 2662 2842 decoravit
2716 2786 3074 2842 ornamentis.
3123 2787 3264 2841 Nam
3321 2787 3439 2841 sedi

1843 2875 2039 2929 domus
2069 2875 2240 2931 sancti
2270 2875 2527 2946 Stephani
2577 2875 2800 2931 contulit
2844 2890 2951 2929 non
3010 2875 3286 2929 minimam
3318 2874 3439 2929 auri

1845 2963 2221 3033 quantitatem,
2255 2964 2323 3018 de
2361 2978 2467 3035 quo
2514 2963 2855 3034 disposuerat
2904 2961 3020 3017 ﬁeri
3073 2964 3192 3016 miri
3222 2962 3439 3018 decoris

1845 3061 2091 3116 calicem.
2125 3060 2368 3131 Singulis
2396 3060 2557 3115 etiam
2599 3060 2830 3115 abbatiis
2884 3077 2996 3116 sua
3026 3060 3329 3116 diaceseos
3378 3058 3439 3089 ’τ’

1844 3164 2138 3229 argenteas
2168 3154 2425 3209 adtribuit
2445 3170 2694 3218 coronas,
2728 3154 2998 3225 amplians
3028 3170 3121 3209 eas
3152 3155 3440 3225 palliorum

1845 3246 2170 3300 diversitate
2191 3258 2503 3298 numerosa.
2535 3243 2659 3314 Ipse
2680 3243 2904 3313 perfecit
2923 3248 3159 3298 castrum
3189 3242 3443 3298 Rodortei

1851 3332 1910 3363 ’⁷³
1932 3336 2045 3403 (91)
2077 3349 2109 3387 a
2140 3348 2240 3388 suo
2279 3333 2682 3403 praedecessore
2726 3331 3056 3395 inchoatum,
3117 3332 3441 3403 Dominique

1853 3431 2063 3487 Martini
2092 3430 2373 3488 castellum
2411 3445 2443 3484 a
2481 3428 2845 3485 fundamentis
2876 3428 3174 3485 construxit
3205 3428 3437 3496 ﬁrmum,

1851 3527 2116 3584 custodia
2164 3525 2677 3583 circumvicinorum
2733 3525 3054 3596 praediorum
3112 3524 3432 3581 utillimum.

1852 3615 2064 3688 Quique
2078 3620 2136 3651 ’τι
2167 3615 2457 3672 ecclesiam
2486 3614 2588 3669 sibi
2636 3630 2670 3669 a
2705 3615 2821 3670 Deo
2868 3613 3214 3670 commissam
3245 3614 3314 3667 ita
3347 3630 3442 3668 sa-

1850 3714 2016 3786 pienti
2073 3713 2472 3787 gubernamine
2529 3713 2691 3779 rexit,
2758 3721 2814 3767 ut
2869 3712 3146 3783 integram
3195 3727 3442 3783 pacema

1849 3804 2060 3861 cunctis
2092 3802 2500 3859 circumvicinis
2530 3801 2699 3873 hujus
2718 3801 2865 3857 sedis
2896 3801 3227 3856 adversariis
3249 3801 3446 3857 habue-

1848 3892 1954 3958 rit;
1989 3907 2090 3947 nec
2120 3891 2404 3963 quisquam
2435 3891 2553 3958 ejus
2596 3905 2990 3961 pracessorum
3031 3907 3093 3938 επ
3124 3904 3189 3945 ac
3218 3905 3444 3946 succes-

1850 4005 2037 4045 sorum
2068 3989 2123 4043 in
2152 3996 2305 4043 tanta
2334 3988 2721 4060 tranquillitate
2775 3988 2923 4043 hunc
2980 3988 3353 4058 episcOpatum
3381 3983 3441 4015 ’⁷⁸

1848 4086 2214 4160 gubernavit].
2240 4088 2299 4141 In
2338 4104 2442 4159 qua
2472 4080 2534 4117 ³⁷⁷
2579 4087 2680 4141 etsi
2739 4087 2904 4142 nichil
2962 4086 3183 4157 proprio
3244 4086 3442 4140 sudore

1846 4185 2156 4256 adquisivit,
2189 4192 2371 4239 tamen
2420 4185 2807 4254 suppeditante
2845 4182 2912 4225 ’⁷⁸
2942 4184 3037 4239 Dei
3069 4183 3247 4255 gratia
3279 4182 3441 4237 nichil

1848 4277 2159 4333 detrimenti
2188 4276 2362 4331 dehis
2399 4292 2521 4347 qua
2569 4275 2886 4346 possidebat
2931 4275 3172 4346 pertulit.
3216 4275 3302 4331 Ab
3342 4277 3443 4332 hac

1846 4391 1981 4446 ergo
2008 4384 2185 4431 terrea
2214 4374 2358 4428 mole
2387 4382 2669 4443 exemptus
2700 4374 2819 4428 Kal.
2851 4374 3051 4443 Aprilis
3107 4375 3253 4445 apud
3310 4390 3442 4428 san-

1846 4482 1990 4529 ctum
2021 4470 2324 4525 Gereonem
2358 4478 2440 4525 est
2468 4468 2861 4524 honorabiliter
2877 4470 3113 4525 Coloniae
3128 4469 3437 4538 tumulatus,

1845 4565 1900 4622 in
1924 4567 2077 4636 cujus
2106 4565 2335 4622 cenobio
2365 4564 2541 4620 fuerat
2573 4580 2605 4619 a
2635 4581 2807 4636 puero
2854 4565 3134 4636 sapientia
3161 4566 3355 4622 divina
3382 4581 3438 4645 et

134 4682 201 4722 ex
226 4666 362 4739 ipsis
392 4665 594 4721 diutius
623 4664 894 4736 pullulare
923 4665 1188 4736 possibile
1236 4667 1325 4722 sit.
1361 4667 1461 4723 Hic
1492 4683 1629 4739 ergo
1659 4672 1728 4723 22
1760 4658 1812 4718 D
1843 4667 2093 4721 humana
2120 4664 2259 4719 lacte
2299 4663 2580 4734 sapienter
2618 4669 2679 4702 ’π
2710 4663 2970 4719 educatus
3004 4674 3084 4719 κο.

1436 4791 1665 4846 VARUE
1704 4788 2113 4847 LECTIONES.

230 4886 668 4963 f”eoncanhi_um
717 4890 774 4963 2.
862 4885 924 4963 ’δέ
941 4887 1132 4963 beatus
1165 4894 1220 4942 3.
1286 4888 1609 4963 "°sortiaco
1652 4893 1736 4963 2.Δ
1799 4887 1933 4963 ’“p.
1985 4888 2053 4943 de
2083 4886 2338 4963 Nintania
2366 4891 2435 4963 Α3Σ
2526 4884 2701 4963 “ide
2750 4883 3257 4963 baddontviller_d.
3307 4899 3430 4963 cum

136 4958 372 5014 ecclesia
392 4963 449 5013 3.
524 4956 585 5029 f‘f
612 4957 878 5029 panniaco
907 4961 957 5011 1.
1016 4964 1072 5014 et
1101 4961 1260 5029 infra
1314 4960 1606 5029 panniaca.
1680 4959 1741 4987 ²“
1778 4952 1957 5014 saséio
2007 4963 2057 5014 1.
2106 4957 2186 5029 7’“
2223 4957 2464 5029 deest73.
2557 4955 2961 5029 “fuseguitensi
2993 4962 3059 5029 3.,
3097 4952 3187 5029 _"7
3232 4955 3426 5010 sortia-

135 5044 260 5084 cum
310 5031 440 5085 1.2.
524 5026 585 5055 ’“
613 5024 926 5098 impetravit
953 5031 1005 5083 3.
1100 5024 1173 5058 ""
1214 5024 1476 5100 impetore
1535 5035 1586 5086 2.
1671 5029 1901 5086 ’“deest
1955 5036 2004 5083 3.
2098 5028 2157 5056 ²⁵¹
2208 5028 2435 5081 halsatio
2464 5031 2515 5081 2.
2604 5024 2970 5126 ’“15elehem
3041 5024 3116 5098 1.]
3171 5033 3224 5081 et
3274 5042 3425 5080 mer-

138 5109 311 5126 --.......
346 5108 393 5126 ..ι
429 5101 662 5126 suun“...
693 5099 745 5126 ε..
782 5100 968 5126 ...ιλιι-..ι
1004 5099 1128 5126 ..:II-
1178 5103 1409 5126 n.._|.......
1447 5101 1553 5126 ...ιλ
1605 5106 1630 5126 ο
1735 5100 1795 5126 ιω
1833 5101 1988 5126 ...ηιηζ
2050 5106 2076 5126 ε)
2165 5099 2225 5126 9M
2270 5099 2419 5126 Ληληι
2476 5103 2493 5126 Α
2567 5102 2598 5126 ω
2651 5097 2689 5125 25
2751 5099 3042 5126 ηηηλρη..η.
3090 5104 3121 5126 ω
3210 5094 3270 5124 κισ
3321 5113 3384 5126 η..

135 5109 311 5155 catum
342 5108 397 5155 et
427 5101 663 5153 bannum
693 5099 747 5151 in
779 5100 971 5154 eadem
1004 5099 1130 5154 villa
1178 5099 1413 5156 Berkem
1441 5101 1571 5156 add.
1603 5106 1660 5155 3.

135 5177 245 5225 tein
275 5171 403 5227 add.
437 5175 489 5226 2.
523 5174 573 5224 3.
666 5166 727 5197 ’⁵⁷
746 5168 881 5223 inibi
928 5171 1054 5226 add.
1094 5176 1146 5227 2.
1182 5177 1231 5225 3.

137 5258 285 5305 pers.
318 5246 369 5296 2.
464 5238 528 5268 ³⁸⁸
558 5280 607 5294 ..
630 5279 643 5293 .
718 5241 934 5295 reuualt
989 5246 1047 5296 2.
1121 5242 1231 5296 Mirr

132 5452 280 5508 dotei
312 5457 362 5508 1.
420 5451 460 5481 ”

1735 5100 1795 5130 ³³³
1832 5101 1991 5155 taulei
2049 5106 2099 5153 3.
2165 5099 2225 5128 ’“
2265 5099 2419 5153 deest
2476 5103 2525 5151 1.
2567 5102 2618 5154 2.
2651 5097 2689 5125 ’⁵

464 5182 489 5226 ι.
523 5174 573 5224 3.
666 5171 727 5197 ³⁵⁷
746 5171 881 5223 inibi
928 5171 1054 5226 add.
1094 5176 1146 5227 2.
1182 5177 1231 5225 3.
1330 5171 1490 5226 “'m.
1553 5172 1787 5225 texanda
1834 5173 1890 5225 1.
1990 5171 2231 5240 "'pren.

464 5238 528 5268 ιιι
718 5241 930 5268 ..ω-...ιιι
989 5246 1020 5268 ο
1122 5242 1359 5268 ιιι-ΑΜ-.
1410 5249 1436 5268 ι)
1521 5242 1780 5268 lugu-.-“
1849 5243 2014 5268 -ι.”,....
2091 5242 2250 5268 [ιη-..ξ

137 5258 285 5305 pers.
318 5246 369 5296 2.
464 5241 528 5268 ²⁶¹
558 5280 607 5294 ..
630 5279 643 5293 .
718 5241 934 5295 reuualt
989 5246 1047 5296 2.
1121 5242 1362 5298 Mirowat
1409 5249 1459 5297 3.
1520 5242 1781 5297 Mirowalt
1843 5243 2018 5297 etiam
2087 5242 2279 5296 Benoit

136 5310 368 5385 1“ngliis
397 5326 447 5367 c.
484 5315 551 5385 3._
610 5308 671 5339 ’⁸⁸
691 5310 795 5385 sibi
822 5310 1095 5385 succidius
1123 5318 1179 5367 3.
1239 5312 1305 5341 ³⁸⁸
1327 5314 1754 5385 agripinensium
1787 5318 1836 5366 3.
1914 5310 1973 5339 ⁸⁸⁷
1997 5311 2194 5385 visibili
2214 5313 2308 5385 __1.

135 5385 223 5482 1³..
255 5381 783 5482 ξ”οιιε-ῑηᾳιώθτὶιειγὶι
833 5382 1039 5438 desunt
1107 5388 1324 5482 35—2...“5
1358 5380 1471 5441 ᾶιὶὸ
1525 5386 1878 5439 astramento
1927 5383 2161 5482 pergit.‘
2213 5380 2436 5482 "1763110.
2475 5397 2534 5451 p.
2603 5380 2747 5482 2.1³⁷ξ

499 5453 829 5524 vocabulum
874 5469 1101 5509 erasum
1142 5459 1195 5507 2.
1264 5454 1652 5524 Im’pracessor
1697 5469 1761 5508 ac
1809 5446 2098 5507 successor
2143 5455 2193 5505 1.
2260 5449 2321 5480 ³⁷⁵
2362 5446 2498 5524 hanc
2554 5452 2838 5507 ecclesiam
2870 5457 2921 5505 2.
2985 5446 3051 5524 Ψ
3095 5450 3342 5524 (ικεβάθ
3371 5455 3421 5505 3.

1990 5148 1991 5152 η
2049 5106 2099 5153 3.
2165 5099 2225 5128 ’“
2265 5099 2419 5153 deest
2476 5103 2525 5151 1.
2567 5102 2618 5154 2.
2651 5094 2711 5126 ’⁵⁵
2747 5099 3042 5170 genofeva
3090 5094 3142 5152 2.
3210 5094 3270 5124 "‘
3318 5113 3421 5151 au-

1990 5169 2231 5240 ”‘pren.
2262 5170 2341 5225 2?
2431 5167 2493 5195 ²⁶⁰
2531 5169 2684 5225 deest
2744 5175 2793 5223 1.
2883 5167 3120 5240 ’ffpros.
3182 5169 3233 5223 1.
3275 5185 3421 5223 corr.

2342 5256 2442 5321 ρ...
2462 5241 2588 5294 346.
2639 5240 2797 5321 dixit
2815 5310 2828 5321 ‘
2852 5310 2866 5321 τ
2890 5237 2975 5321 ³⁸³Λ
2995 5255 3325 5321 omnemque
3354 5244 3412 5321 2.

2382 5308 2443 5338 ’⁸⁸
2477 5311 2730 5381 praesulis
2756 5310 2890 5366 add.
2946 5315 2999 5365 2.
3028 5315 3084 5365 3.
3155 5307 3421 5381 ’“Aﬁeest

2475 5376 2534 5451 p.
2603 5387 2655 5437 2.
2690 5378 2751 5409 ’τ’
2791 5381 3051 5451 (ἰὶοθεετιὶξΔ
3082 5382 3154 5435 1?
3218 5376 3301 5451 ’τί
3328 5394 3423 5435 ro-

133 5521 194 5551 ²⁷⁸
239 5525 300 5599 d.
328 5541 384 5599 _s.
422 5530 472 5579 3.
621 5523 976 5599 sagaciter}.
994 5530 1067 5599 _3.
1141 5524 1202 5553 ²⁸⁰
1221 5520 1487 5599 Sequitur
1513 5528 1577 5581 in
1599 5531 1654 5599 _2.
1687 5526 1803 5579 vita
1825 5524 2103 5599 Britannis
2130 5525 2359 5599 auctora
2391 5523 2639 5599 Wibefto,
2658 5524 2719 5599 in
2744 5528 2951 5599 3.~ver0
2974 5523 3089 5599 haec
3116 5520 3127 5575 ἐ
3161 5521 3259 5599 cui
3292 5537 3426 5599 sue-

133 5596 299 5650 cessit
327 5595 423 5650 lux
449 5592 602 5649 orbis
630 5592 964 5649 venerabilis
991 5596 1186 5660 Bruno,

1218 5592 1569 5663 postmodum
1599 5597 1858 5651 Romana
1883 5594 2029 5648 sedis
2058 5608 2193 5662 papa
2222 5592 2431 5646 electus
2457 5609 2486 5645 a
2518 5593 2769 5648 Domino.
2806 5596 2880 5648 De
2916 5593 3070 5661 cujus
3099 5592 3313 5648 actibus
3343 5592 3429 5648 hic

135 5666 359 5722 multum
389 5666 571 5722 dicere
593 5664 1031 5734 supersedemus,
1064 5668 1326 5737 quoniam
1355 5683 1420 5723 ea
1448 5666 1577 5721 alibi
1606 5667 1675 5722 ad
1706 5666 1923 5736 plenum
1954 5663 2231 5733 descripta
2251 5678 2373 5718 esse
2398 5663 2668 5719 novimus.
2696 5666 2810 5721 Hoc
2839 5673 3042 5719 tantum
3073 5663 3159 5720 hic
3187 5664 3433 5719 inSerere

1671 5760 1897 5818 NOTAE.

209 5834 323 5902 (87)
355 5833 565 5906 ΡδεμηΥξ

211 5906 322 5973 (88)
354 5902 691 5975 Vfdiploma
719 5917 816 5973 ap.
852 5902 1061 5970 Benott,
1091 5920 1146 5975 p.
1188 5904 1387 5961 XXIV.

219 5975 332 6044 (89)
363 5974 630 6031 Saintois.

1921 5829 2036 5903 (90)
2067 5829 2152 5903 gf.
2191 5828 2399 5883 Chron.
2439 5827 2674 5885 Mediani
2706 5830 3018 5887 monasterii
3036 5833 3133 5888 SS.
3158 5833 3243 5899 IV,
3261 5848 3314 5903 p.
3348 5834 3435 5887 92.

1925 5902 2035 5971 (91)
2067 5901 2282 5969 Rortey.
