3882 6408
449 404 553 462 ιθη

1692 397 1997 454 APPEND.
2031 397 2123 452 AD
2157 396 2487 455 PIBONEM.

3666 401 3784 456 468

518 524 613 576 38.
658 519 810 575 Viam
846 517 1011 592 igitur
1038 516 1316 573 universae
1344 515 1529 573 carnis
1556 514 1811 586 ingresso
1837 512 2037 584 fponti-
2068 497 2125 559 Α
2158 512 2322 569 tionis
2348 511 2563 580 decani,
2595 512 2857 569 doctrinae
2885 513 3043 575 bona;
3082 532 3147 564 »ι
3192 516 3459 584 erudttus,
3491 516 3564 572 ad
3600 516 3783 571 suﬁi-

450 608 554 666 ﬁce
584 609 919 665 Herimanno
948 608 1153 678 (1026),
1183 605 1447 662 successit
1482 602 1816 659 venerabilis
1838 602 2043 665 Bruno.

451 697 544 771 qui
575 708 767 770 postea
796 699 852 751 in
884 698 1125 752 Romana
1154 696 1284 750 urbe
1322 693 1663 765 apostolatus
1707 690 1922 746 functus
1952 691 2049 745 ho-

450 803 587 843 nore
619 789 727 843 Leo
756 802 929 841 nonus
960 801 1160 840 nomen
1202 784 1435 855 accepit.
1490 782 1841 853 QuaprOpter
1871 780 1916 834 si
1954 780 2049 834 ali-

452 901 615 960 quem
642 884 860 939 fidelem
912 882 1103 937 audire
1161 881 1397 938 delectat
1455 897 1577 953 quae
1633 888 1686 935 et
1733 888 1940 952 quanta
1992 880 2047 936 in

451 975 764 1046 episcopatu
794 973 1132 1029 Leuchorum
1171 970 1420 1042 gesserit,
1456 979 1508 1025 et
1539 970 1816 1041 quomodo
1846 968 1903 1024 in
1930 970 2046 1025 Ro-

452 1079 618 1118 mana
648 1062 783 1118 urbe
813 1059 1055 1133 pontifex
1085 1059 1256 1115 factus
1300 1074 1361 1115 se
1414 1058 1688 1125 habuerit,
1743 1057 1947 1112 librum
1978 1057 2049 1113 de

450 1152 557 1207 vita
585 1159 639 1207 et
666 1149 969 1217 virtutibus,
1004 1148 1097 1222 qui
1124 1147 1179 1203 in
1210 1145 1441 1204 ecclesia
1470 1145 1764 1218 beati.Apri
1791 1145 2046 1214 habetur,

447 1258 712 1332 perlegat,
745 1263 799 1312 et
826 1255 937 1313 illic
962 1254 1194 1327 pleniter
1224 1253 1463 1310 inveniet
1500 1262 1580 1307 ιιι.

521 1362 607 1414 39.
640 1354 910 1426 Quoniam
941 1361 1098 1425 gesta
1126 1352 1435 1426 priscorum
1467 1350 1530 1381 ”’
1558 1349 1869 1423 pontificum
1884 1349 2048 1423 hujus

450 1446 618 1514 sedis,
647 1452 810 1517 prout
857 1442 1103 1514 contigit,
1162 1442 1360 1514 scripta
1395 1440 1775 1514 cognovimus,
1836 1438 2049 1495 videtur

448 1536 607 1591 nobis
645 1534 1032 1604 incongruum,
1052 1538 1108 1587 ut
1134 1538 1256 1587 acta
1271 1529 1602 1587 venerabilis
1621 1527 1828 1585 Udonis
1850 1540 1930 1597 κα,
1953 1527 2048 1600 qui

448 1624 551 1679 fuit
579 1624 635 1678 in
664 1624 766 1678 hac
795 1621 927 1677 sede
955 1635 1242 1677 successor
1258 1620 1337 1689 "‘,
1372 1618 1733 1675 sanctissimae
1770 1617 2048 1673 memoria

447 1728 607 1784 papas
634 1710 840 1767 noni’“
868 1708 1066 1765 Leonis
1114 1707 1216 1764 sub
1272 1707 1473 1764 silentii
1527 1722 1654 1762 sera
1709 1705 2048 1763 occultemus

449 1808 544 1874 ’⁸⁸;
574 1809 672 1865 sed
729 1808 799 1863 ad
845 1806 1217 1880 cognitionem
1273 1804 1616 1877 sequentium
1684 1802 2048 1860 recordationi

444 1900 724 1955 tradamus
754 1895 1024 1953 servanda
1056 1899 1135 1950 ⁸⁸⁷.
1170 1894 1289 1950 Fuit
1317 1893 1407 1950 hic
1434 1908 1508 1949 ex
1557 1892 1899 1949 nobilissima
1939 1907 2044 1964 pa-

448 1996 665 2045 rentum
693 1995 754 2031 ιοι
794 1985 964 2057 stirpe
1019 1992 1208 2051 ortus,
1259 1999 1325 2039 ex
1381 1989 1612 2054 utraque
1668 1990 1822 2051 parte
1878 1981 2052 2052 regali

452 2096 738 2146 stemmate
776 2087 984 2145 clarus.
1051 2087 1217 2141 Pater
1271 2085 1387 2155 ejus
1417 2084 1593 2141 dictus
1649 2091 1732 2140 est
1787 2080 2050 2141 comes”

455 2187 740 2260 Riquinus,
798 2198 871 2240 ex
918 2182 1317 2240 Reubariorum
1373 2180 1601 2252 regione
1632 2187 1828 2247 ortus;
1877 2188 2053 2235 mater

453 2305 587 2347 vero
615 2289 757 2359 ejus,
791 2286 1069 2342 Mathildis
1123 2283 1364 2351 nomine,
1420 2299 1485 2339 ex
1543 2282 1873 2338 Alemannia
1902 2282 2054 2337 duxit

461 2394 658 2453 genus.
694 2376 869 2433 Ambo
897 2375 967 2431 ab
997 2373 1157 2430 avitis
1184 2371 1501 2444 parentibus
1543 2371 1873 2443 praediorum
1903 2371 2054 2427 redi-

458 2478 603 2533 tibus
631 2482 684 2531 et
712 2473 1017 2530 divitiarum
1047 2470 1402 2542 amplitudine
1422 2469 1656 2541 praediti,
1688 2468 1890 2525 divinae
1929 2468 2057 2525 reli-

461 2582 640 2656 gionis
669 2578 851 2635 calore
880 2577 1095 2645 fervidi,
1125 2592 1236 2632 non
1265 2575 1491 2631 multum
1534 2575 1815 2631 ﬂectentes
1845 2576 2057 2631 animos

463 2672 529 2727 ad
562 2668 934 2740 disponendos
964 2668 1202 2722 honores
1259 2665 1421 2733 hujus
1451 2664 1639 2721 seculi.
1692 2665 1846 2720 Hunc
1876 2664 2057 2736 itaque

462 2759 756 2833 puerulum
787 2756 898 2813 fere
928 2756 1227 2811 dccenuem
1245 2755 1361 2809 Deo
1377 2754 1610 2810 dicatum
1643 2753 1888 2827 glorioso
1911 2754 2059 2808 Leu-

466 2849 584 2905 chae
613 2846 763 2902 sedis
794 2843 1013 2917 prmsuli
1039 2843 1278 2899 Brunoni
1307 2842 1644 2898 tradiderunt
1673 2842 1880 2897 divinis
1909 2842 2059 2897 litte-

466 2951 542 3007 ris
583 2949 957 3017 imbuendum,
1024 2962 1089 3003 ac
1141 2944 1471 3003 venerandae
1517 2944 1932 3019 congregationi
1982 2942 2044 2973 ἠ

468 3052 665 3109 domus
712 3049 886 3107 sancti
926 3046 1186 3121 Stephani
1241 3046 1506 3104 canonice
1558 3044 2058 3103 madnectendum.

2155 602 2409 658 cientiam
2440 602 2753 669 instructus,
2778 604 3002 659 omissis
3032 605 3347 676 puerilibus,
3385 606 3563 662 immo
3588 606 3781 674 juve-

2153 691 2355 746 nilibus
2386 691 2805 763 nugis,sollicite
2834 694 3061 748 vacabat
3078 695 3302 764 psalmis
3317 694 3771 750 etorationibus.

2155 791 2237 846 De
2266 791 2569 861 sumptibus
2589 791 2693 846 sibi
2721 806 2754 847 a
2782 792 3101 863 parentibus
3119 792 3180 825 '"
3236 794 3486 867 quamvis
3547 794 3775 850 admo-

2155 879 2284 935 dum
2315 880 2450 935 satis
2479 880 2548 935 ad
2581 896 2889 936 mensuram
2936 882 3172 938 decretis
3205 888 3267 920 ’κ
3294 899 3459 955 parce
3505 883 3770 951 vivebat,

2155 977 2210 1024 et
2239 969 2285 1023 si
2314 984 2419 1041 qua
2440 968 2543 1023 sibi
2572 968 2773 1025 exinde
2831 970 3172 1038 resederant,
3204 972 3574 1045 indigentibus
3624 988 3771 1028 εει-ος

2155 1057 2345 1131 gabat,
2403 1072 2469 1115 ac
2515 1072 2639 1114 cum
2695 1058 3007 1114 columbina
3046 1060 3388 1132 simplicitate
3443 1061 3773 1134 prudentia

2155 1145 2424 1217 serpentis
2484 1146 2767 1203 insistebat
2815 1147 2903 1203 ¹⁹⁸.
2969 1147 3257 1205 Gloriosus
3315 1164 3451 1221 ergo
3499 1149 3771 1222 pontifex

2155 1236 2335 1292 Bruno
2363 1250 2599 1291 cernens
2627 1251 2753 1292 eum
2782 1237 2840 1292 in
2861 1237 3092 1293 utilitate
3144 1246 3348 1296 sancte
3393 1238 3657 1295 ecclesias
3687 1239 3772 1293 ita

2155 1323 2224 1378 ad
2253 1322 2361 1379 alia
2385 1327 2448 1360 ’⁸⁸
2478 1338 2748 1391 crescere,
2781 1323 2970 1380 intimo
2998 1325 3284 1382 laetabatur
3334 1326 3522 1396 corde,
3584 1335 3770 1399 atque

2154 1421 2425 1493 cogitabat
2455 1437 2581 1477 eum
2612 1422 3077 1495 qualitercumque
3096 1424 3338 1496 quolibet
3363 1426 3569 1480 honore
3604 1424 3767 1482 exal-

2155 1518 2293 1566 tare.
2308 1512 2446 1567 Nam
2466 1510 2745 1567 Gebizone
2760 1511 3068 1583 primicerio
3089 1513 3338 1569 humanis
3367 1514 3531 1569 rebus
3558 1529 3767 1569 exem-

2156 1615 2251 1680 pto
2282 1606 2364 1675 ”",
2398 1608 2562 1663 istum
2592 1609 2860 1680 promovit
2888 1610 2957 1665 ad
2989 1611 3245 1667 honorem
3274 1610 3517 1681 ejusdem
3543 1610 3758 1682 primi-

2155 1704 2411 1773 ceriatus,
2471 1704 2721 1777 quamvis
2779 1713 2908 1763 tunc
2958 1706 3188 1777 primum
3247 1707 3425 1765 adhuc
3480 1706 3766 1764 imberbis

2158 1792 2383 1849 intraret
2410 1793 2798 1850 adolescentiae
2826 1795 3028 1866 gradus
3049 1798 3135 1851 '".

2226 1902 2313 1956 ιο.
2349 1900 2728 1974 Virginitatem
2757 1916 2913 1956 suam
2944 1901 3062 1973 regi
3083 1900 3341 1958 caelorum
3370 1911 3621 1970 voverat.
3658 1918 3766 1975 pro

2158 2014 2267 2071 qua
2298 1999 2580 2055 retinenda
2609 2001 2727 2070 ejus
2757 2000 3091 2069 majestatem
3156 2000 3449 2057 indefessis
3494 2002 3766 2073 precibus

2161 2088 2424 2144 exorabat
2466 2084 2555 2144 ’".
2588 2089 2725 2146 Huic
2780 2090 2896 2146 Deo
2911 2090 3123 2161 placita:
3153 2098 3209 2146 et
3237 2098 3435 2147 sach
3486 2091 3761 2148 voluntati

2161 2201 2396 2259 nequam
2424 2202 2535 2241 non
2563 2187 2735 2244 defuit
2766 2195 3084 2259 temptator,
3119 2187 3211 2260 qui
3240 2204 3359 2243 eum
3391 2195 3550 2245 noctu
3580 2193 3641 2244 et
3667 2189 3765 2244 diu

2163 2275 2553 2345 ’"insistendo,
2586 2293 2617 2330 a
2647 2284 2838 2333 sancto
2866 2277 3140 2332 nitebatur
3168 2277 3404 2333 avellere
3448 2278 3768 2348 proposito.

2165 2374 2352 2445 Itaque
2390 2373 2691 2430 secundum
2730 2375 3023 2430 humanam
3073 2373 3413 2449 fragilitatem
3442 2391 3599 2431 suum
3636 2375 3767 2430 ani-

2166 2487 2319 2527 mum
2342 2472 2413 2527 ad
2445 2473 2560 2542 ejus
2587 2488 2807 2544 pravam
2837 2470 2897 2506 ⁸⁸³
2910 2473 3319 2546 suggestionem
3348 2473 3765 2546 obsequendam

2166 2569 2558 2640 inclinaverat;
2614 2580 2666 2627 et
2696 2571 2800 2627 nisi
2836 2572 3102 2627 Dominus
3157 2572 3547 2643 adjuvissetm,
3596 2573 3765 2644 paulo

2167 2668 2349 2724 minus
2377 2669 2500 2740 ejus
2519 2669 2702 2725 anima
2722 2669 3001 2727 ininferno
3013 2671 3373 2729 habitaverat.
3401 2674 3540 2729 Nam
3570 2673 3765 2729 divina

2171 2773 2475 2834 prmventus
2499 2770 2696 2839 gratia,
2728 2767 2782 2822 in
2803 2767 3069 2823 diutinum
3092 2768 3634 2841 inciditlanguorcm,
3657 2784 3764 2825 nec

2170 2862 2344 2918 hostis
2360 2863 2614 2937 antiquus
2630 2864 2684 2919 in
2705 2881 2830 2921 eum
2848 2866 3144 2937 malignam
3158 2867 3442 2938 praevaluit
3459 2867 3764 2939 adimplere

2173 2960 2585 3033 suggestionem
2596 2978 2678 3017 σοι,
2700 2962 2807 3017 Sed
2824 2969 2881 3017 ut
2902 2963 3050 3018 Deus
3061 2963 3405 3035 omnipotens
3424 2964 3763 3030 ostenderet,

2171 3058 2316 3115 hanc
2344 3075 2406 3115 se
2435 3058 2488 3115 ei
2508 3057 2875 3116 infirmitatem
2917 3076 3088 3117 causa
3115 3060 3465 3118 correctionis
3494 3061 3763 3117 transmi-

470 3157 578 3230 Qui
606 3157 710 3216 sub
738 3156 925 3215 domui
951 3154 1210 3224 Walteri,
1238 3161 1430 3228 postea
1449 3152 1724 3227 praedictae
1753 3168 2063 3229 congrega—
2092 3200 2141 3266 Ο
2175 3155 2337 3227 sisse,
2396 3156 2454 3212 in
2509 3157 2725 3214 somnis
2768 3173 2868 3230 per
2894 3166 3146 3216 sanctum
3190 3158 3487 3216 Iohannem
3517 3173 3766 3232 evange-

1787 3306 2020 3363 VARLE
2056 3308 2470 3365 LECTIONES.

479 3400 709 3475 placuit,
736 3398 881 3475 quod
910 3398 1156 3475 abbatias
1183 3396 1417 3475 Mediam
1447 3394 1849 3475 monasteriiet
1879 3396 2051 3451 sancti
2074 3397 2479 3475 peod_ati_dor_io
2508 3397 2783 3475 C_hon_radi
2821 3397 3049 3475 gloriosi
3097 3398 3440 3471 imperatoris
3471 3400 3758 3475 receperit,

480 3467 547 3531 ac
573 3467 830 3528 solide'in
861 3470 1085 3542 propria
1105 3470 1357 3525 vestitura
1390 3474 1597 3542 sanctas
1627 3467 1963 3542 Leuchorum
1994 3468 2111 3542 sedi
2142 3469 2462 3542 reliquit._ls
2484 3471 2644 3524 etiam
2662 3469 2804 3542 inter
2826 3467 3022 3533 inulta.
3057 3467 3187 3542 quae
3206 3487 3318 3527 sum
3335 3471 3555 3527 contulit
3585 3467 3755 3527 eccle.

483 3488 547 3531 ac
573 3486 749 3528 souue
776 3487 830 3525 in
861 3486 1085 3541 propria
1105 3486 1357 3525 vestitura
1390 3486 1597 3522 sanctae
1627 3486 1963 3521 Leucnorum
1994 3486 2111 3522 seut
2142 3486 2377 3594 l'ellgttll.
2413 3486 2462 3523 IS
2484 3486 2804 3524 enamtnter
2835 3486 3022 3533 multa.
3057 3486 3179 3542 quae
3206 3487 3318 3527 sum
3335 3486 3555 3527 contum
3585 3486 3755 3527 eccle-

483 3544 596 3612 sim,
630 3541 983 3621 praebendam
1014 3540 1239 3620 fratrum
1268 3538 1654 3621 canonicorum
1685 3537 1857 3621 sancti
1880 3538 2164 3621 .§tephani
2208 3540 2501 3621 admodum
2549 3540 2843 3621 ampliavit,
2895 3542 3178 3621 reddendo
3208 3543 3287 3597 eis
3317 3542 3522 3597 Mumiri
3564 3542 3760 3621 vallem

484 3608 606 3672 cum
632 3608 871 3670 ecclesia
902 3621 955 3667 et
983 3612 1195 3669 cunctis
1223 3609 1582 3683 appendiciis,
1606 3618 1659 3683 et
1687 3608 1932 3683 Ranculti
1954 3608 2170 3681 quoque
2202 3611 2389 3665 villam
2422 3620 2473 3665 et
2503 3608 2687 3683 omnia
2710 3614 2835 3683 ejus
2855 3613 3198 3683 appendicia,
3230 3629 3437 3669 necnon
3467 3613 3756 3668 ecclesiam

488 3686 558 3741 de
587 3684 826 3741 Luciaco
855 3699 955 3753 pro
986 3679 1391 3737 memoria‘s’uaa
1420 3679 1797 3753 ordinationis,
1830 3689 1886 3734 ut
1916 3679 2011 3753 per
2040 3679 2235 3737 manus
2265 3682 2460 3737 decani
2499 3682 2722 3738 claustri
2753 3698 2865 3737 suae
2890 3679 3041 3737 sedis
3084 3679 3233 3737 fieret
3276 3684 3467 3738 exinde
3501 3683 3746 3738 fratribus

487 3772 555 3812 ea
584 3756 672 3811 die
692 3750 940 3825 congrua
968 3754 1193 3809 refectio
1221 3762 1274 3808 et
1304 3759 1518 3825 centum
1551 3750 1884 3825 pauperibus
1912 3752 2245 3825 elemosynae
2273 3753 2519 3825 largitio.
2560 3753 2660 3816 Qui
2690 3752 2856 3807 etiam
2877 3754 2945 3807 ad
2976 3754 3324 3825 apostolicam
3353 3755 3535 3809 sedem
3570 3771 3757 3821 prove-

486 3811 625 3895 ctus,
653 3811 762 3882 non
790 3811 1077 3897 immemor
1105 3841 1219 3880 suae
1248 3822 1537 3897 primitivaa
1552 3811 1719 3885 sedis,
1743 3821 2016 3876 Tullensis
2048 3811 2300 3897 videlicet
2327 3811 2600 3897 ecclesiae:
2630 3824 2814 3897 Romae
2840 3825 2895 3878 in
2925 3841 2988 3897 ea
3010 3811 3245 3897 synodo,
3278 3826 3332 3880 in
3376 3841 3480 3897 qua
3512 3811 3751 3882 sanctum

490 3892 800 3956 Gerardum
829 3895 1109 3952 constituit
1139 3892 1412 3950 nominari
1442 3892 1495 3946 in
1527 3900 1835 3948 sanctorum
1850 3908 2097 3961 numero,
2130 3894 2735 3951 fecitconsecrationem
2757 3896 2949 3949 domui
2970 3892 3182 3950 abbatis
3208 3892 3496 3951 Dervensis
3525 3897 3751 3952 ccenubii

484 3970 658 4025 sancti
676 3966 1263 4050 _mart_yris.B_et-tharii..
1301 3962 1841 4050 Siquidemﬂprrefata
1869 3964 2085 4050 abbatis
2109 3966 2411 4050 _Derve_nsis
2440 3966 2783 4050 abAntiquo,
2818 3966 3025 4050 scilicet
3052 3983 3082 4020 a
3112 3966 3407 4050 Garibaldo
3425 3968 3748 4050 Leuchorum

528 4041 745 4106 reesule,
776 4032 889 4094 ﬁlio
921 4037 1149 4104 Volfarti,
1179 4038 1334 4105 cujus
1364 4032 1699 4106 temporibus
1727 4032 1825 4087 fuit
1849 4042 2160 4091 constructa
2202 4037 2392 4091 eadem
2436 4032 2688 4102 abbatia,
2734 4036 2904 4091 fuerat
2938 4038 3063 4092 huic
3100 4038 3216 4093 sedi
3262 4039 3504 4105 subjecta
3533 4038 3671 4092 dono
3700 4048 3749 4093 et

528 4057 745 4106 τῶδιιιθ,
776 4057 889 4094 nuo
925 4057 1149 4104 ΥΟΙΙΕΠΙ,
1179 4057 1334 4105 ουμιδ
1365 4057 1699 4103 ιθῐῐψυηυυδ
1727 4057 1825 4087 ιυιι
1849 4057 2160 4091 συηδιτυοια
2202 4057 2392 4091 εδαεῐη
2436 4057 2671 4102 aunaua,
2734 4057 2904 4091 lUBI'Ill
2938 4057 3063 4092 nunc
3100 4057 3216 4093 5801
3262 4057 3504 4105 SUDjeCla
3533 4057 3671 4092 GODO
3700 4057 3742 4093 81

484 4057 907 4176 Benedictione;
939 4109 1037 4165 sed
1065 4123 1252 4163 comes
1268 4106 1411 4179 ,OJo
1431 4105 1699 4179 violenter
1726 4120 1846 4179 eam
1876 4114 2127 4179 tenuerat
2174 4115 2226 4162 et
2259 4108 2529 4179 quendam
2560 4108 2805 4175 ejusdem
2834 4107 2942 4163 loci
2976 4107 3198 4162 fratrem
3236 4109 3492 4163 Milonem
3519 4109 3742 4173 nomine,

493 4191 723 4253 accepto
752 4198 861 4236 non
893 4174 1106 4253 modico
1125 4178 1337 4253 precio,
1367 4176 1545 4253 eidem
1572 4174 1824 4253 caenobio
1855 4176 2190 4253 praefecerat,
2222 4174 2371 4233 et'ad
2403 4174 2769 4253 suﬂbcandam
2802 4179 3192 4253 subjectioncm
3230 4179 3474 4253 ecclesiae
3502 4180 3735 4253 Leucho-

494 4270 617 4308 rum
632 4245 760 4308 eum
789 4268 820 4306 a
851 4251 1085 4321 Rogerio
1115 4245 1548 4321 Cathalaunensi
1577 4245 1808 4321 praesule
1829 4247 2079 4321 ordinari
2102 4257 2381 4321 coegerat.
2414 4251 2552 4303 Dum
2579 4265 2714 4321 ergo
2741 4245 3098 4305 beatissimus
3128 4266 3264 4320 papa
3294 4251 3473 4306 Remis
3490 4252 3740 4321 synodum

492 4324 878 4397 ageret,idem
908 4316 1035 4397 Milo
1061 4320 1396 4397 pmnitudine
1423 4316 1798 4397 motuskqunod
1826 4316 2023 4397 injuste
2052 4316 2446 4397 ordinationem
2478 4316 2840 4397 suscepisset,
2862 4321 3076 4397 publica
3106 4316 3287 4397 coram
3317 4316 3738 4397 dotnno'aposto-

490 4388 597 4450 ΙίΕο
627 4388 906 4457 satisfecit,
937 4388 1144 4447 donum
1172 4391 1403 4446 abbatiae
1433 4388 1685 4449 reddidit,
1718 4388 2034 4443 Cluniacum
2066 4391 2261 4445 abiens
2292 4392 2346 4444 in
2378 4392 2516 4446 bona
2538 4388 2952 4447 conversatione
2974 4393 3136 4447 vitam
3155 4392 3323 4447 duxit.
3357 4392 3539 4447 Totius
3565 4388 3731 4447 autem

492 4463 935 4538 congregationis
952 4478 1228 4538 consensu
1245 4457 2166 4538 dornpusWandelgerusejusloco
2180 4461 2506 4538 subrogatus
2522 4463 2657 4533 (92),
2689 4463 2758 4538 ad
2790 4463 3155 4538 subrueudam
3175 4478 3390 4538 omnem
3419 4462 3740 4538 occasionem

529 4530 645 4591 etii't
675 4530 1155 4591 {Cathalaunensi
1187 4532 1419 4601 praesule
1448 4530 1690 4602 Rogerio
1718 4530 2170 4597 benedictionem,
2192 4532 2281 4602 qui
2305 4530 2539 4588 inventis
2557 4533 2941 4589 occasionibus
2957 4533 3164 4587 distulit
3192 4534 3335 4587 illitis
3350 4534 3734 4589 ordinationem.

526 4624 615 4663 am
645 4607 820 4663 dictus
850 4621 980 4662 vero
1012 4600 1419 4675 Wandelgerus
1446 4600 1633 4675 Romae
1660 4600 1918 4675 domnum
1972 4600 2351 4675 apostolicum,
2384 4606 2474 4675 qui
2505 4604 2685 4659 adhuc
2712 4604 3020 4659 Tullensem
3075 4604 3301 4675 gerebat
3329 4604 3561 4675 plebem,
3602 4604 3737 4669 adiit,

489 4687 736 4736 cunctam
768 4693 881 4731 rem
910 4676 1103 4731 ordine
1132 4672 1335 4747 pandit,
1369 4672 1798 4747 consilium_ejtts
1828 4680 1883 4747 et
1913 4672 2168 4747 solamen
2182 4672 2458 4747 exoravit.
2499 4676 2742 4747 Domnus
2763 4691 2897 4747 ergo
2915 4690 3053 4746 papa
3072 4672 3593 4747 archiepisconorum
3626 4690 3739 4729 con-

486 4750 610 4806 silio
631 4748 904 4807 Helinardi
934 4743 1334 4819 Lugdunensis,
1363 4744 1615 4819 llugonis
1648 4743 2036 4819 B_esontiensis,
2069 4746 2332 4819 Mainardi
2362 4746 2713 4819 Semonensis
2742 4756 2795 4800 et
2822 4743 3052 4819 aliOrum
3075 4743 3421 4819 pontificum,
3446 4746 3531 4819 qui
3550 4747 3736 4816 synodo

484 4821 864 4886 interfuerant,
912 4813 1232 4891 pradictum
1284 4813 1545 4891 abbatem
1591 4813 1882 4891 ordinavit,
1923 4819 2007 4891 _et
2036 4815 2111 4891 ob
2157 4817 2477 4891 memoriale
2505 4816 2628 4891 facti
2658 4832 2782 4891 eum
2833 4832 2934 4872 suo
2963 4813 3189 4891 pristino
3219 4817 3434 4891 nomine
3459 4813 3732 4891 Brutiqnem

484 4892 697 4950 scilicet
726 4884 1183 4953 vocari-instituit,
1210 4901 1278 4944 ac
1305 4886 1553 4955 quaedam
1587 4884 1877 4957 privilegia
1904 4884 1975 4941 de
2003 4886 2170 4957 rebus
2207 4889 2447 4956 ejusdem
2484 4888 2721 4943 abbatiie
2745 4924 2768 4949 ο
2815 4904 2915 4942 sua
2946 4887 3265 4943 auctoritate
3282 4887 3570 4943 roboravit.
3598 4886 3732 4956 Quo.

485 4965 654 5029 niam,
689 4961 864 5019 etcf“
898 4963 952 5015 2.
999 4962 1063 5015 in
1093 4962 1213 5015 vita
1256 4958 1539 5029 Brunoni;
1579 4956 1767 5029 media
1794 4955 1996 5029 'de/icit
2029 4955 2091 4984 ²⁹⁹
2123 4955 2364 5028 priorum
2423 4966 2479 5014 3.
2544 4957 2604 4987 ”'
2651 4958 2845 5014 udonis
2902 4964 2954 5013 3.
2980 4957 3040 5029 "9
3086 4961 3241 5029 deest
3290 4964 3337 5013 3.
3374 4957 3435 4985 ’³⁵
3468 4957 3599 5029 noni
3633 4973 3725 5028 pa-

485 5052 572 5101 pae
598 5024 651 5093 3.
695 5032 754 5063 ’³⁸
786 5033 1124 5090 occultamus
1154 5036 1209 5086 3.
1262 5025 1328 5057 ⁸⁸⁷
1355 5044 1402 5083 s.
1435 5035 1480 5082 t.
1521 5024 1695 5101 32f“
1715 5028 1981 5101 progenie
2038 5045 2101 5101 p.
2123 5024 2304 5101 'stirpe
2352 5030 2535 5086 editus
2584 5030 2959 5101 3.__7”’deest.
3002 5028 3061 5083 3.
3125 5024 3730 5101 mcongregationis—1‘!

477 5096 711 5164 1"‘“dcest
741 5109 793 5160 3.
852 5102 1174 5157 ’"doctrina
1203 5101 1448 5170 impense
1477 5096 1639 5171 3.7”7’
1661 5096 2052 5171 apparentibus
2081 5100 2134 5154 3.
2179 5098 2240 5128 ”‘
2269 5102 2492 5157 directis
2525 5105 2575 5156 3.
2635 5098 2695 5128 ¹⁹⁶
2721 5101 3039 5155 transcursis
3090 5116 3225 5171 ergo
3272 5096 3560 5171 puerilibus
3593 5114 3729 5153 annis

475 5195 541 5235 ac
566 5178 620 5233 in
654 5176 798 5232 bivio
831 5173 1207 5244 Pythagoricae
1234 5190 1267 5244 y
1297 5172 1466 5244 litem
1485 5170 1882 5244 adolescentiae
1911 5171 2186 5244 gradibus
2201 5173 2415 5244 ascensi
2470 5172 2718 5244 dextrum
2748 5172 2943 5244 callem
2973 5170 3214 5244 studioSe
3246 5170 3554 5244 recurrebat
3589 5179 3728 5243 atque

472 5232 804 5315 perﬂarctam
835 5232 979 5301 viam
1002 5232 1078 5300 de
1108 5232 1307 5299 virtute
1360 5242 1415 5315 in
1448 5241 1696 5315 virtutem
1749 5232 2107 5315 ascendendo
2135 5241 2335 5298 diutius
2365 5242 2678 5315 proﬁciebat
2735 5243 2863 5315 add.
2907 5247 2951 5296 3.
2989 5241 3230 5297 "'altare
3282 5245 3340 5297 3.
3395 5240 3458 5271 ”"
3501 5259 3547 5297 e.
3576 5258 3620 5295 r.
3654 5232 3719 5315 '3.

472 5311 533 5351 ⁵⁸⁸
554 5319 868 5390 hujusmodi
889 5332 1025 5388 ergo
1056 5323 1342 5390 promotus
1361 5313 1579 5390 honore
1634 5311 1890 5390 virtutum
1921 5314 2115 5390 studiis
2170 5311 2421 5370 studebat
2475 5314 2613 5369 alios
2644 5314 2982 5384 p~zecellere,
3036 5316 3349 5390 castitatem
3388 5328 3549 5390 super
3573 5312 3725 5390 omnia

469 5383 679 5456 amare,
712 5383 990 5456 subjectos
1020 5383 1087 5442 ad
1116 5385 1266 5440 illam
1294 5383 1526 5456 sollicite
1554 5384 2155 5456 servandamstudiose
2182 5400 2550 5456 commonere,
2586 5383 2686 5440 nec
2715 5394 2898 5439 tamen
2927 5400 3064 5456 quos
3096 5384 3308 5456 videbat
3337 5384 3389 5438 in
3422 5384 3528 5456 hac
3553 5399 3605 5456 re
3639 5383 3724 5456 fra-

468 5462 609 5531 giles
638 5453 857 5517 volebat
884 5459 995 5515 ullo
1024 5457 1189 5531 modo
1218 5454 1556 5531 vilipendere
1576 5454 1709 5512 add.
1736 5460 1801 5531 _3.
1871 5454 1933 5484 η’
1956 5456 2118 5531 inter
2148 5455 2765 5531 plurimassanctorum
2787 5526 2797 5531 Α
2823 5453 3119 5531 memorias
3174 5454 3509 5531 dilectissimi
3552 5453 3724 5531 domini

467 5524 639 5587 Sancti
665 5531 892 5587 Joannis
922 5529 1271 5603 evangelista:
1302 5524 1498 5583 nomen
1530 5526 1842 5603 invocabat,
1875 5533 1933 5581 ut
1953 5524 2093 5603 ipso,
2116 5527 2210 5603 qui
2230 5528 2609 5603 eratvirginis
2627 5526 2831 5603 matris
2860 5525 3002 5603 filius
3024 5526 3360 5603 jdpptivus,
3389 5526 3489 5603 sibi
3521 5525 3583 5603 ad
3622 5527 3721 5594 ejus

463 5603 693 5670 gratiam
723 5595 1147 5669 promerendam
1177 5606 1324 5655 esset
1353 5606 1497 5652 tutor
1514 5614 1584 5654 ac
1612 5597 1874 5670 defensor
1922 5595 2203 5670 propicius
2261 5601 2391 5657 add.
2416 5595 2494 5656 37
2541 5598 2603 5627 ’°°
2623 5597 2858 5670 interdiu
2886 5597 2940 5670 3.
3015 5596 3083 5670 ff}
3103 5598 3255 5654 deest
3286 5602 3343 5670 3.
3407 5595 3482 5670 “'_
3503 5596 3719 5665 adjuvas-

461 5665 568 5727 s'et.
609 5679 660 5731 3.
714 5665 775 5701 δ”
797 5673 979 5739 itaque
1008 5671 1259 5727 continua
1289 5677 1511 5739 etpene
1539 5669 1758 5725 annuali
1784 5665 2100 5739 infirmitate
2146 5668 2401 5727 detentus
2429 5687 2460 5725 a
2496 5671 2707 5727 cunctis
2738 5669 2842 5723 sibi
2900 5666 3256 5724 familiaribus
3278 5668 3386 5738 jam
3417 5667 3485 5725 ad
3525 5677 3721 5725 mortem

460 5755 633 5816 usque
654 5738 1051 5814 desperabatur
1077 5742 1172 5797 de.
1202 5784 1215 5797 .
1249 5740 1317 5795 lis
1345 5738 1665 5796 funebribus
1695 5738 1942 5813 exequiis
1971 5756 2004 5795 a
2031 5741 2243 5797 cunctis
2273 5742 2637 5814 prasentibus
2665 5739 2995 5797 tractabatur
3018 5739 3148 5796 add.
3185 5744 3235 5796 3.

528 5908 640 5979 (92)
662 5907 745 5965 Cf.
776 5905 1036 5962 miracula
1064 5905 1121 5961 S.
1154 5905 1451 5975 Bercharii,
1481 5920 1531 5962 c.
1566 5907 1663 5973 ης
1697 5907 1923 5977 Mabih.,
1958 5837 2289 5982 Αοῑῗιῇἷξ.
2310 5912 2446 5967 850:
2476 5909 2576 5967 Hic
2596 5910 2683 5966 vir
2704 5906 3073 5967 -ωιιθάιιιιι
3098 5909 3399 5965 cunctata.
