3882 6424
132 446 268 506 469

1373 452 1598 510 GESTA
1638 452 1832 510 EPISC
1845 496 1861 513 .
1904 453 2236 514 TULLENS.

3349 451 3453 508 4⁵70

128 572 339 629 listam
361 573 618 650 dignatur
643 577 962 645 admonere,
998 577 1252 651 quatinus
1272 591 1301 634 ι
1321 592 1584 648 perversa
1613 576 1757 632 resi-
1786 578 1841 640 A
1872 580 2282 651 evangeliorum
2314 578 2483 651 libro,
2517 578 2674 636 trium
2706 576 3092 652 praedictarum
3147 574 3459 649 pmdictio-

131 662 401 732 pisceret
432 665 736 721 voluntate.
766 667 862 722 Cui
895 676 946 723 et
965 667 1098 722 dixit
1135 666 1198 696 ἐκ
1232 685 1245 721 :
1273 667 1429 723 Scias
1462 669 1760 738 te,frater,

142 750 283 808 ideo
315 755 459 809 tatia
479 756 622 826 pati,
655 758 786 828 quia
819 760 1010 812 votum
1038 756 1182 829 quod
1198 755 1764 826 Deovoverasinfrin—

137 856 289 911 gere
304 841 663 914 disposuisti;
686 844 783 900 sed
798 845 848 900 si
860 848 920 900 in
934 860 971 915 ρ
984 846 1219 902 remisso
1239 845 1489 914 ﬁdeliter
1505 859 1762 915 perseue-

140 944 289 985 rare
304 931 630 997 volueris,et
649 932 970 988 desiderata
985 934 1237 988 sanitate
1253 934 1427 987 citius
1443 932 1758 999 donaberis,

137 1021 209 1072 et
225 1018 425 1074 divina
453 1022 644 1090 gratia
678 1023 739 1075 in
795 1023 1023 1077 cunctis
1046 1022 1160 1076 tuis
1190 1022 1408 1077 actibus
1455 1021 1751 1090 foveberis.

140 1104 318 1174 Quod
344 1105 406 1137 ‘”
446 1122 568 1162 cum
594 1105 657 1137 '°‘
677 1108 731 1163 in
768 1109 976 1164 somnis
1006 1109 1123 1165 haec
1150 1106 1215 1139 ⁸⁰⁷
1249 1124 1310 1164 se
1345 1108 1758 1163 observaturum

135 1194 273 1249 Deo
328 1203 609 1251 annuente
669 1196 1029 1267 promisisset,
1092 1199 1213 1251 erat
1276 1196 1326 1252 ei
1383 1195 1561 1251 simile
1608 1196 1759 1267 quod

140 1283 318 1354 quasi
340 1281 404 1313 ⁸⁸⁸
426 1290 541 1340 tres
560 1284 990 1356 subscriptiones
1020 1300 1297 1356 prasagas
1325 1284 1628 1340 futurorum
1658 1282 1761 1338 sibi

136 1372 416 1440 traderet,
448 1381 501 1428 et
521 1373 574 1428 in
604 1389 671 1429 os
713 1375 785 1428 ad
814 1374 1210 1430 comedendum
1252 1373 1580 1444 imponeret,
1612 1388 1758 1444 qua-

141 1477 275 1516 rum
312 1461 629 1517 memoriam
661 1478 878 1535 semper
932 1463 986 1517 in
1018 1463 1200 1518 animo
1231 1461 1476 1529 retinuit,
1535 1477 1637 1516 nec
1664 1460 1759 1515 ulli

137 1573 386 1614 suorum
417 1558 794 1628 familiarium,
852 1560 954 1614 nisi
983 1560 1039 1615 in
1067 1559 1259 1617 ultimo
1289 1559 1411 1616 vitae
1462 1557 1587 1624 ﬁne,
1620 1556 1759 1614 noti,

140 1645 324 1703 ﬁcere
354 1647 546 1704 voluit.
602 1650 809 1705 Tamen
832 1664 1021 1705 earum
1077 1649 1275 1704 seriem
1322 1656 1446 1720 post
1490 1648 1775 1717 dicemus,

139 1760 281 1801 cum
312 1744 468 1801 locus
492 1754 795 1816 oportunus
826 1745 1090 1802 evenerit.
1122 1744 1445 1800 Affirmabat
1458 1752 1642 1800 autem
1660 1744 1755 1799 hu-

129 1833 397 1905 jusmodi
426 1834 693 1890 visionem
738 1851 804 1889 ea
834 1833 896 1864 ⁸⁰⁹
930 1842 1091 1890 nocte
1116 1834 1220 1889 sibi
1270 1834 1609 1905 apparuisse,
1645 1847 1751 1904 qua

1871 688 1999 726 num
2025 668 2114 736 ³³⁸,
2147 686 2284 742 quas
2314 669 2369 723 in
2398 670 2607 725 somnis
2656 669 2885 736 viderat,
2920 665 3257 738 exemplaria
3309 665 3460 722 veri-

1870 760 1992 817 dico
2013 759 2329 832 recognovit
2356 758 2607 814 oraculo.
2647 758 2927 830 Siquidem
2974 757 3151 827 primo
3176 754 3302 811 loco
3331 770 3363 809 a
3383 754 3460 810 le-

1870 857 2033 924 gente
2053 858 2135 904 est
2164 847 2440 903 recitatum
2469 846 2639 901 divini
2669 846 2870 918 eloquii
2900 844 3214 916 exemplum
3247 860 3261 901 :
3294 844 3457 900 Num-

1869 955 2037 1010 quam
2057 935 2276 1009 legistis
2289 938 2350 993 in
2371 937 2699 1008 scripturis:
2720 936 2986 1007 Lapidem
3001 950 3166 1007 quem
3188 924 3458 1005 reprehe-

1868 1031 2073 1082 verunt
2090 1026 2451 1095 wdiﬁcantes,
2475 1024 2564 1079 hic
2576 1026 2768 1094 [actus
2786 1027 2870 1079 est
2886 1024 2948 1077 in
2964 1026 3140 1092 caput
3160 1020 3361 1093 anguli
3374 1021 3455 1077 ῩΑ

1869 1115 2107 1171 Domino
2136 1117 2357 1185 factum
2386 1116 2471 1168 est
2501 1111 2676 1178 istud,
2711 1116 2767 1167 et
2797 1114 2879 1168 est
2909 1110 3170 1165 mirabile
3198 1110 3259 1165 in
3279 1110 3458 1166 oculis

1868 1204 2076 1259 nostris
2105 1202 2325 1271 (Matth.
2387 1215 2505 1267 xxx,
2529 1201 2647 1271 L2).
2686 1200 2896 1256 Deinde
2934 1197 3233 1255 secundum
3278 1213 3460 1253 exem-
3546 1218 3547 1221 η

1867 1292 2015 1363 plum
2046 1298 2129 1346 est
2156 1290 2360 1346 dictum
2389 1288 2459 1344 de
2489 1289 2723 1361 prologo
2750 1287 3024 1360 evangelii
3041 1288 3201 1343 Lucae
3216 1301 3459 1358 evange-

1865 1380 2005 1436 listae
2030 1395 2042 1433 :
2074 1380 2331 1435 Serviens
2352 1378 2585 1435 Domino
2602 1378 2727 1434 sine
2742 1377 3003 1434 crimine.
3018 1375 3257 1431 Tertium
3271 1381 3455 1430 autem

1866 1468 1964 1524 fuit
1991 1468 2046 1522 in
2076 1467 2269 1523 eodem
2300 1464 2648 1538 evangelista
2673 1466 2741 1521 de
2770 1464 3032 1520 Zacharia
3061 1470 3114 1518 et
3133 1462 3446 1520 Elisabeth:

1866 1566 2190 1622 Incedentes
2202 1566 2260 1620 in
2274 1562 2534 1620 omnibus
2546 1562 2835 1619 mandatis
2846 1559 2910 1589 ⁸³⁸
2944 1560 3165 1617 Domini
3176 1562 3300 1615 sine
3311 1574 3452 1631 que-

1863 1656 1985 1710 rela
2015 1655 2230 1726 (Luc.1,
2263 1654 2338 1722 6).
2374 1653 2581 1708 Horum
2610 1667 2747 1724 ergo
2790 1651 3083 1707 verborum
3114 1647 3449 1719 exemplaria

1863 1742 1966 1797 sibi
1989 1741 2265 1799 aDomino
2288 1737 2355 1770 ⁸³⁷
2385 1740 2742 1797 reminiscens
2763 1740 2964 1794 dudum
3006 1742 3436 1808 praemonstrata,

1858 1830 2024 1887 veluti
2054 1846 2185 1903 apes
2231 1829 2655 1902 prudentissima
2709 1829 2879 1899 dapes
2930 1827 3125 1883 ﬂorum
3171 1823 3446 1880 indefessa

139 1938 256 1977 suo
279 1923 580 1979 venerabili
609 1923 752 1995 patri
783 1924 984 1978 domno
1014 1923 1233 1994 praesuli
1264 1923 1501 1977 Brunoni
1532 1922 1585 1977 in
1608 1937 1748 1976 som—
1773 1933 1827 1994 Β
1857 1928 2041 1984 animo
2082 1928 2417 1984 revolvebat,
2484 1925 2796 1996 Quamlibet
2851 1924 2996 1980 enim
3044 1940 3075 1978 α
3119 1921 3445 1993 quibusdam

136 2019 238 2074 nis
282 2020 458 2075 visum
516 2029 616 2088 est,
658 2021 877 2076 beatum
937 2022 1152 2075 Petrum
1207 2020 1509 2092 apostolum
1532 2017 1597 2048 "°
1624 2035 1747 2075 cum

136 2109 596 2181 prothomartyre
628 2110 904 2180 Stephano
946 2125 1005 2164 se
1035 2108 1320 2163 infulatum
1348 2109 1415 2163 ad
1447 2106 1747 2179 principale

138 2196 333 2253 altare
362 2201 508 2269 apud
556 2198 930 2254 Wormaciam
960 2197 1238 2253 deducere
1261 2196 1583 2263 honoriﬁce,
1617 2204 1669 2251 et
1697 2195 1747 2252 ei

139 2285 396 2359 quinque
423 2286 621 2343 calices
637 2302 835 2343 aureos
864 2286 930 2341 ad
952 2286 1282 2358 praesagium
1309 2301 1488 2344 rerum
1518 2300 1748 2357 sequen-

138 2375 282 2430 tium
312 2375 531 2431 tradere
563 2377 698 2447 (93).

220 2485 282 2539 41
304 2524 318 2538 .
355 2483 477 2538 Non
492 2483 659 2537 multo
678 2489 800 2554 post
820 2482 963 2537 idem
977 2480 1250 2552 gloriosus
1266 2482 1445 2537 Bruno
1456 2481 1595 2552 apud
1612 2497 1748 2552 prae-

139 2570 355 2627 dictam
377 2571 564 2626 urbem
586 2571 951 2626 Wormaciam
976 2570 1044 2625 ad
1068 2570 1425 2641 apostolicam
1459 2570 1647 2625 sedem
1662 2572 1747 2625 est

139 2667 427 2731 promotus
458 2661 663 2730 (1049),
696 2667 750 2715 et
777 2658 937 2713 istum
969 2658 1038 2714 de
1068 2673 1177 2731 quo
1207 2657 1479 2729 loquimur
1507 2674 1744 2714 venera-

139 2757 312 2813 bilem
345 2757 593 2814 Udonem
630 2757 859 2812 Romam
892 2755 1064 2823 duxit,
1109 2771 1233 2812 cum
1265 2754 1597 2827 quibusdam
1630 2755 1744 2810 suis

138 2845 530 2913 familiaribus,
561 2846 761 2918 quique
790 2844 844 2900 in
875 2844 1128 2901 omnibus
1156 2842 1218 2872 ⁸¹¹
1253 2860 1364 2913 prae
1394 2844 1594 2899 ceteris
1622 2860 1742 2897 ser-

140 2935 281 2991 vitio
312 2934 557 3000 adhaesit,
603 2933 809 2989 idcirco
855 2932 1007 2988 illum
1038 2932 1091 2986 in
1123 2931 1317 3002 majori
1366 2930 1742 2986 familiaritatis

140 3021 385 3077 amicitia
409 3021 660 3076 connexit
693 3019 778 3075 ³³³.
815 3020 1038 3075 Biennio
1069 3028 1249 3074 autem
1279 3018 1391 3073 fere
1420 3026 1618 3074 exacto
1675 3017 1740 3046 "'

144 3112 359 3182 (1050),
395 3110 631 3165 domnus
668 3108 1006 3181 apostolicus
1035 3108 1311 3180 antiquam
1367 3106 1596 3173 patriam
1626 3105 1740 3177 pri-

138 3215 399 3271 mamque
430 3198 619 3254 sedcm
651 3197 892 3254 revisere
948 3195 1139 3263 voluit,
1175 3203 1228 3251 et
1264 3197 1571 3251 interventu
1602 3195 1743 3264 ejus-

1853 2017 2008 2089 quasi
2028 2033 2130 2089 pro
2183 2017 2351 2072 nimia
2407 2015 2749 2086 simplicitate
2792 2013 3197 2085 reprobaretur,
3250 2017 3441 2066 tamen

1852 2106 2191 2162 incessanter
2257 2105 2556 2179 satagebat,
2608 2104 2750 2159 utin
2805 2102 2989 2163 divino
3043 2099 3269 2157 servitio
3322 2098 3442 2155 sine

1853 2194 2080 2251 crimine
2108 2210 2173 2251 ac
2201 2194 2319 2249 sine
2348 2192 2571 2265 querela
2602 2192 2904 2249 secundum
2933 2192 3228 2246 humanam
3253 2188 3439 2262 possi-

1852 2283 2112 2339 bilitatem
2134 2291 2259 2339 ante
2290 2283 2391 2339 Dei
2420 2281 2611 2339 oculos
2642 2280 2975 2337 inveniretur
2999 2277 3093 2334 '“.

1924 2398 2010 2451 43.
2043 2397 2300 2453 Studebat
2358 2396 2522 2452 etiam
2573 2411 2757 2452 mores
2788 2395 2872 2450 sui
2914 2392 3345 2467 praedecessoris
3373 2391 3435 2423 ἰ’

1850 2485 2035 2541 domui
2058 2485 2293 2542 Bertoldi
2322 2483 2386 2513 "°
2416 2485 2470 2539 in
2501 2484 2930 2556 multiplicandis
2966 2483 3235 2539 reditibus
3261 2490 3315 2539 et
3341 2498 3439 2537 or-

1849 2575 2119 2630 namentis
2145 2573 2390 2630 ecclesias
2421 2590 2533 2630 sua:
2554 2574 2700 2629 sedis
2721 2589 2820 2645 pro
2850 2589 3015 2644 posse
3034 2571 3253 2637 imitari,
3275 2579 3437 2643 atque

1847 2666 2034 2720 hostes
2063 2663 2247 2734 patria:
2277 2678 2386 2717 non
2416 2661 2638 2718 timebat
2666 2678 2764 2735 pro
2793 2660 3110 2717 defensione
3138 2675 3437 2732 pauperum

1849 2776 1902 2823 et
1931 2765 2287 2823 ecclesiarum
2316 2763 2381 2793 "1
2414 2765 2666 2822 inimicos
2717 2763 2857 2821 ﬁeri.
2890 2762 3193 2835 Adquisivit
3221 2776 3436 2834 quoque

1849 2856 1921 2912 ab
1940 2854 2207 2910 Haimone
2237 2855 2436 2910 comite
2484 2854 2773 2910 ecclesiam
2794 2853 3065 2925 quandam
3097 2849 3164 2880 '”
3191 2850 3258 2905 ad
3313 2866 3434 2906 ser-

1846 2945 2035 3001 vitium
2066 2942 2286 2997 Iratrum
2316 2941 2764 3015 congregationis
2781 2941 2959 2997 sancti
2988 2938 3437 3012 Stephani,quam

1847 3032 1927 3089 eis
1954 3047 2054 3103 pro
2085 3032 2306 3087 annuali
2363 3031 2455 3087 die
2476 3048 2590 3086 suae
2645 3028 3001 3087 ordinationis
3044 3027 3439 3100 perpetualiter

1846 3129 2270 3186 rememorando
2314 3127 2662 3185 contradidit.
2726 3128 2787 3181 In
2817 3125 3146 3182 destraendo
3202 3123 3435 3180 castello

1850 3226 2146 3283 Vallicolor
2173 3225 2236 3253 ⁸²⁸
2271 3226 2405 3296 (95),
2437 3224 2493 3279 in
2523 3240 2630 3296 quo
2659 3223 2991 3279 annullando
3023 3238 3155 3277 suus
3176 3229 3433 3277 anteces-

136 3289 269 3344 dem
296 3288 506 3345 Udonis
537 3286 950 3359 congregationi
1002 3285 1229 3340 fratrum
1260 3284 1434 3340 sancti
1474 3283 1734 3354 Stephani
1764 3290 1812 3352 Ο
1843 3331 1935 3370 sor
1963 3283 2293 3371 venerabilis
2314 3283 2496 3368 Biuno
2526 3283 2643 3368 sine
2659 3311 2766 3367 ﬁne
2794 3310 3155 3376 laboraverat,
3188 3310 3263 3365 ita
3291 3308 3434 3365 mul-

139 3384 436 3442 ecclesiam
481 3385 551 3440 de
581 3382 844 3439 Tranculfi
879 3383 1007 3437 villa
1039 3390 1092 3437 et
1120 3382 1386 3453 praedium
1415 3381 1483 3436 de
1501 3379 1736 3435 Mandri-

140 3474 285 3531 valle
312 3473 570 3539 restituit,
595 3476 649 3529 et
672 3472 879 3528 eisdem
909 3471 1188 3527 canonicis
1209 3468 1553 3541 privilegium
1571 3468 1733 3524 liber-

140 3563 267 3619 tatis
297 3562 598 3634 apostolica
627 3559 1187 3617 excnmmunicatione
1217 3558 1506 3613 subnixum
1538 3573 1733 3613 corro-

140 3651 356 3707 boravit
388 3651 528 3721 (94).
561 3652 792 3705 Demum
839 3649 1072 3704 domnus
1105 3647 1439 3719 apostolicus
1499 3662 1735 3701 cernens

139 3756 266 3796 eum
296 3739 348 3793 in
381 3747 568 3793 sancta
598 3737 864 3809 religione
896 3738 964 3792 de
986 3736 1179 3791 virtute
1209 3735 1264 3788 in
1312 3736 1569 3789 virtutem
1602 3749 1735 3804 pro-

139 3828 326 3894 ﬁcere,
361 3826 627 3899 disposuit
682 3842 825 3892 eum,
858 3825 1203 3896 praecedente
1260 3821 1392 3878 cieri
1449 3822 1735 3894 plebisque

141 3917 428 3982 electione,
463 3915 517 3970 in
545 3915 706 3984 hujus
735 3915 882 3968 sedis
912 3913 1235 3984 praesulatus
1265 3910 1447 3966 ofﬁcio
1477 3911 1580 3966 sibi
1603 3911 1736 3965 sub-

141 4020 343 4079 rogare
376 4005 669 4075 (1051),ac
723 4002 1000 4075 legatione
1056 4001 1126 4056 ad
1174 3999 1469 4055 Henricum
1519 3999 1735 4055 tertium

143 4093 369 4151 Romani
398 4092 613 4162 imperii
638 4098 908 4146 rectorem
938 4089 1167 4155 directa,
1200 4088 1352 4142 illum
1385 4087 1487 4142 sibi
1516 4102 1737 4144 succes-

142 4208 318 4249 sorem
348 4190 677 4246 substituere
691 4231 703 4244 .

212 4288 545 4358 42.Adepto
575 4303 711 4361 ergo
758 4287 968 4343 honore
1024 4283 1390 4354 pontificatus,
1442 4282 1515 4339 ita
1572 4284 1736 4355 coepit

142 4396 265 4437 esse
295 4378 347 4432 in
368 4378 581 4434 cunctis
611 4376 840 4448 agendis
873 4377 1033 4431 rebus
1054 4384 1332 4441 strenuus,
1362 4373 1525 4429 veluti
1546 4372 1737 4428 fuisset

144 4484 176 4525 a
196 4469 462 4541 primaevo
491 4464 554 4495 '“
585 4466 638 4519 in
670 4463 1128 4534 hisdisponendis
1147 4462 1732 4534 sagaciterinstitutus.

144 4557 370 4612 Ventum
403 4564 517 4610 erat
542 4553 820 4609 Treverim
854 4556 921 4606 15
971 4552 1247 4607 Kalendas
1277 4551 1611 4622 Septembris
1667 4550 1735 4605 ad

1841 3403 2045 3459 timodo
2080 3411 2304 3474 precatu
2328 3410 2380 3458 et
2408 3402 2581 3473 pretio
2602 3417 2702 3472 per
2759 3399 3174 3456 circumvicinos
3201 3413 3431 3469 compa-

1842 3493 2027 3548 triotas
2050 3490 2228 3547 effecit
2248 3490 2337 3559 "‘,
2370 3490 2517 3563 quod
2565 3489 2648 3544 bis
2696 3505 2818 3545 cum
2849 3487 2914 3517 ⁸²⁸
2944 3487 3114 3543 armis
3159 3486 3370 3542 bellicis
3399 3500 3435 3542 a

1844 3580 2210 3636 fundamentis
2239 3579 2459 3649 dejecit.
2506 3576 2889 3634 Monasterium
2947 3575 3119 3632 sancti
3175 3572 3433 3648 Gengulﬁ

1837 3669 1952 3742 jam
1980 3670 2071 3724 diu
2103 3685 2243 3739 pene
2273 3669 2539 3733 dirutum,
2573 3676 2627 3722 et
2655 3668 2818 3722 etiam
2848 3666 2974 3739 igne
3002 3662 3431 3733 combustum,in

1843 3774 2145 3830 congruum
2173 3756 2455 3828 reparavit
2509 3764 2725 3822 statum,
2771 3763 2934 3826 atque
2961 3754 3301 3810 ornamentis
3330 3767 3427 3809 ec-

1843 3846 2161 3903 clesiasticis
2191 3853 2245 3900 et
2274 3844 2602 3901 necessariis
2636 3844 2893 3899 subsidiis
2923 3858 2986 3899 ac
3013 3841 3260 3898 aediﬁciis
3307 3857 3430 3896 am-

1842 3936 2090 4008 pliatum,
2150 3934 2278 3990 fecit
2308 3934 2492 3989 divino
2539 3933 2764 3989 servitio
2822 3939 2877 3987 et
2923 3938 3126 3987 sanctae
3176 3928 3433 4002 religioni

1843 4025 2023 4081 locum
2053 4032 2236 4094 aptum
2267 4024 2403 4093 (96).
2436 4021 2530 4076 ubi
2549 4020 2892 4076 laudabiliter
2945 4020 3087 4090 viget
3119 4017 3432 4075 canonicali

1842 4129 1993 4169 more
2025 4126 2263 4182 superna
2287 4110 2542 4179 servitus,
2567 4118 2620 4166 et
2648 4109 2864 4165 Christo
2923 4116 3195 4164 annuente
3225 4105 3432 4179 vigebit

1843 4202 1901 4257 in
1929 4209 2275 4272 perpetuum,
2298 4207 2356 4254 ut
2412 4215 2718 4270 speramus.
2746 4196 3010 4253 Prasdium
3036 4195 3207 4251 sancti
3230 4194 3428 4251 Aniani

1844 4306 1967 4348 cum
1997 4289 2111 4343 suis
2141 4287 2472 4359 appenditiis
2499 4288 2554 4341 in
2578 4285 2846 4342 suburbio
2861 4302 2976 4341 suae
2996 4284 3231 4341 civitatis
3261 4284 3424 4339 situm

1843 4379 1913 4433 ab
1944 4378 2163 4431 Incensi
2192 4377 2386 4431 abbate
2418 4375 2592 4447 regali
2624 4374 2948 4430 auctoritate
2962 4372 3187 4445 gloriosi
3205 4370 3430 4428 Henrici

1844 4465 1988 4522 tertii
2016 4467 2386 4521 Romanorum
2433 4463 2773 4535 imperatoris
2799 4479 2899 4534 per
2944 4461 3428 4518 commutationem

1844 4555 2056 4625 accepit
2078 4555 2214 4624 (97),
2246 4554 2348 4608 Pro
2376 4568 2483 4625 quo
2513 4553 2674 4609 etiam
2705 4551 2972 4624 quasdam
2993 4566 3080 4606 res
3099 4548 3431 4606 hereditario

144 4661 311 4701 sacrm
330 4642 687 4699 ordinationis
718 4640 1173 4705 benedictionem,
1234 4639 1328 4694 ubi
1363 4642 1500 4694 Deus
1532 4638 1581 4693 ei
1612 4637 1728 4694 cle-
1759 4651 1811 4711 D
1836 4644 1963 4714 jure
1994 4643 2097 4698 sibi
2152 4658 2183 4696 a
2210 4642 2531 4713 parentibus
2576 4655 2877 4697 concessas
2905 4638 3149 4711 legitime
3203 4638 3429 4709 delega-

146 4740 352 4789 menter
372 4731 611 4788 ostendit
631 4746 745 4786 suae
775 4728 990 4801 pietatis
1021 4727 1463 4798 dispositionem.
1491 4726 1649 4791 Nam,
1675 4735 1733 4781 ut

145 4824 307 4878 moris
360 4828 460 4889 est,
493 4820 671 4892 posito
719 4834 881 4890 super
927 4818 1186 4872 humeros
1243 4816 1362 4885 ejus
1409 4823 1724 4871 sanctorum

1840 4732 1922 4786 vit
1952 4733 2086 4801 (98),
2119 4730 2211 4785 ubi
2233 4730 2578 4801 disposuerat
2605 4728 2838 4785 aediﬁcia
2882 4728 3280 4783 monachorum
3309 4724 3432 4780 usui

1841 4824 1969 4887 apta
1997 4815 2178 4872 divina
2208 4813 2588 4887 suppeditante
2630 4812 2801 4887 gratia
2828 4816 3171 4882 construere,
3228 4826 3293 4867 ac
3322 4809 3430 4866 l‘ra-

1453 4982 1679 5039 VARLE
1718 4981 2020 5039 LECTION
2024 4984 2127 5040 ES.

214 5114 275 5144 '“
308 5128 363 5167 v.
398 5109 678 5183 Siquidem
706 5108 759 5163 in
790 5106 1087 5183 apostolico
1107 5103 1290 5183 habitu
1320 5104 1496 5163 eidem
1528 5115 1760 5183 sanctus
1805 5109 2039 5183 Joannes
2060 5106 2412 5183 etvangelista
2442 5104 2711 5183 exsparuit2
2775 5105 2931 5175 cujus
2990 5104 3217 5183 formam
3271 5104 3430 5177 quasi

152 5186 302 5243 solito
331 5184 440 5238 sibi
470 5176 645 5236 visam
676 5176 1010 5251 recognovit.
1040 5176 1143 5246 Qui
1165 5192 1288 5251 eum
1313 5194 1489 5251 quare
1521 5180 1727 5234 tamdiu
1749 5179 1802 5233 in
1831 5180 2096 5251 languore
2118 5176 2662 5251 jaceretrequisivit.
2691 5179 2927 5251 Ipsoque
2955 5176 3318 5251 respondente
3367 5193 3428 5232 se

152 5256 381 5323 nescire,
438 5252 727 5323 videbatur
777 5244 885 5304 sibi
933 5256 1014 5304 sat
1043 5244 1435 5323 _amicabiliter
1489 5251 1847 5323 respondisse
1903 5244 1956 5306 8V.
1990 5252 2052 5281 ⁸⁰⁶
2204 5252 2256 5304 3.
2282 5246 2383 5323 __'_°°_
2406 5244 2561 5323 deest
2591 5252 2640 5323 1__.
2695 5244 2759 5323 ὀῖ
2789 5244 2850 5303 se
2878 5250 2941 5323 li:
2968 5250 3021 5302 3.
3046 5244 3061 5248 ’
3095 5245 3157 5275 ⁸⁰⁸
3186 5248 3341 5323 deest
3372 5253 3425 5323 3.

151 5327 210 5357 ”'
243 5326 430 5383 eadem
462 5327 514 5379 3.

720 5323 951 5394 a.7p._3.

153 5397 213 5428 ⁸³⁸
264 5404 489 5452 exaucto
529 5399 581 5447 1.
626 5390 689 5421 '“

727 5388 1037 5462 primicerio
1081 5393 1098 5441 t
1117 5430 1128 5441 .

151 5474 207 5526 3.
272 5467 336 5497 ⁸¹⁸
375 5458 806 5533 inveniretdit.“
842 5480 901 5533 p.
957 5460 1037 5515 sui
1068 5463 1120 5515 3.
1162 5458 1226 5487 ”°
1266 5458 1469 5517 beltoli
1510 5467 1559 5517 1.
1588 5458 1687 5490 ""
1745 5464 1848 5518 sibi
1878 5464 2014 5519 add.
2060 5462 2125 5491 "'
2193 5458 2340 5517 de.)
2390 5500 2404 5516 .
2457 5501 2470 5514 .
2517 5502 2529 5515 .
2581 5501 2594 5516 .

157 5539 217 5570 "‘
284 5537 451 5596 efﬁcit
502 5539 559 5590 3.
636 5531 698 5561 ⁸³⁸
757 5531 882 5590 eum
922 5537 972 5587 1.

1042 5316 1105 5349 ⁸¹¹
1165 5317 1364 5391 quique
1387 5321 1517 5391 eip.
1550 5316 1600 5376 cl
1660 5322 1894 5377 inomni
1949 5321 2181 5391 servicio
2213 5318 2496 5391 sollicitius
2550 5318 2679 5391 adh.
2736 5322 2789 5373 3.

1205 5385 1833 5462 f1‘7'superscriptionum
1864 5396 1920 5447 3.
1969 5389 2032 5420 ⁸³⁸
2073 5409 2152 5445 m.
2192 5399 2245 5445 et
2293 5388 2769 5459 justiﬁcationibus
2794 5403 2920 5462 eum
2966 5388 3083 5462 sine
3115 5395 3170 5462 3.
3218 5385 3284 5417 ἰτ
3323 5388 3429 5446 ἀεο

2875 5316 2942 5347 ⁸³⁸
3027 5319 3321 5373 connexuit
3368 5322 3420 5373 3.

2646 5466 2695 5515 3.
2739 5463 2791 5515 3.
2822 5459 2885 5488 ⁸¹⁸
2957 5460 3332 5517 vallicolorum
3362 5465 3416 5518 3.

1667 5630 1873 5689 NOTAE
1886 5674 1900 5688 .

243 5738 330 5803 93)
363 5732 426 5787 V.
458 5729 696 5803 Wiperti
724 5729 907 5803 Vitam
927 5728 1398 5803 Brunonis,_I_I,_1.

243 5739 330 5803 93)
364 5739 426 5787 V.
458 5739 696 5801 Wiperti
728 5739 896 5784 Vitam
930 5739 1217 5792 Brunoms,
1253 5739 1319 5793 II,
1346 5739 1398 5783 1.

223 5739 332 5880 E93)
364 5803 447 5880 Cf.
476 5802 719 5880 diploma
748 5815 843 5871 ap.
880 5800 1089 5867 Benoit,
1121 5817 1182 5871 p.
1220 5800 1463 5858 CXXVI.

227 5871 335 5947 (95')
365 5871 731 5947 “999111821:-

225 5938 333 6019 (96)
358 5946 427 6004 V.
449 5943 585 6016 dipl.
632 5938 839 6021 Udonis
865 5955 960 6012 ap.
1013 5941 1223 6009 Benoit,
1272 5957 1335 6012 p.
1396 5941 1621 5999 LXXIV
1679 5950 1735 5999 et

1841 5729 2081 5786 Heinrici
2112 5732 2181 5785 IV
2205 5729 2373 5801 regis,
2413 5743 2471 5783 a.
2502 5730 2660 5795 1065,
2692 5728 2795 5796 ib.,
2827 5744 2887 5800 p.
2927 5728 3205 5801 XXYIIII.

1913 5803 2026 5870 (97)
2059 5804 2129 5858 V.
2169 5800 2409 5873 diploma
2432 5816 2526 5873 ap.
2556 5800 2764 5873 Bsnoit,
2789 5818 2843 5872 p.
2874 5800 3126 5873 XXXIII.

1914 5874 2027 5943 (98)
2058 5875 2119 5928 V.
2153 5871 2396 5930 chartam
2418 5872 2626 5928 Udonis
2650 5871 2692 5925 I.
2736 5871 2871 5945 I.’p.
2903 5871 3157 5927 LXXIX.
