3882 6418
449 375 546 430 4'71
1693 371 1998 426 APPEND.
2046 371 2139 424 AD
2181 370 2506 425 PIBONEM.

3684 373 3786 426 4'72

453 510 561 554 tres
591 504 796 554 sancta:
826 495 1106 570 religionis
1136 512 1320 553 amore
1353 496 1624 552 ferventes
1653 495 1721 551 ad
1751 497 1816 552 2i
1849 495 2052 550 ibidem
2085 495 2136 556 A
2166 495 2306 550 adeo
2337 493 2674 566 probabilius
2703 493 3038 566 disponeret,
3098 503 3158 553 ut
3185 495 3386 553 exinde
3440 494 3714 550 sublatus
3737 496 3790 551 in
3838 529 3839 536 η

456 603 826 659 congregare,
859 594 910 642 et
939 587 1006 641 de
1037 587 1274 656 propriis
1297 585 1563 639 reditibus
1587 584 2050 650 sumhercditatis,

457 677 652 749 quibus
680 675 974 746 plurimum
1029 675 1334 728 abundabat
1371 673 1453 739 ³³⁸,
1488 675 1536 728 ei
1567 690 1812 747 congrue
1858 689 2054 728 neces-

461 781 635 820 sarios
667 773 910 834 sumptus
953 765 1227 819 ordinare.
1279 763 1595 832 Cujusmodi
1651 772 1834 817 autem
1895 761 2056 816 fuerit

464 872 646 909 rerum
677 854 876 907 ibidem
901 854 968 906 ab
1000 870 1064 906 eo
1093 853 1488 907 destinatarum
1538 852 1843 921 dispositio,
1877 851 2057 906 conti-

467 952 553 997 net
577 943 929 1012 apostolicum
955 941 1297 1012 privilegium
1357 941 1668 994 Alexandri
1699 957 1875 1010 papze,
1911 939 2057 1010 quod

467 1032 519 1085 in
551 1031 716 1085 sancti
778 1030 1229 1100 prolhomartyris
1263 1030 1520 1099 Stephani
1553 1031 1812 1083 retinetur
1862 1030 2059 1083 archa-

465 1122 633 1175 rismo
668 1117 750 1173 "7.
787 1119 892 1173 Sed
917 1125 1412 1188 morteprmventus
1444 1118 1691 1188 nequivit
1722 1118 1790 1172 ad
1823 1134 2060 1189 unguem

466 1227 622 1264 suum
653 1210 956 1278 perducere
1003 1209 1358 1275 desiderium,
1397 1207 1541 1278 quod
1591 1207 1914 1278 cuicumque
1958 1223 2059 1262 suo

467 1298 796 1364 successori,
822 1298 905 1353 cui
937 1297 1082 1351 Deus
1110 1295 1250 1352 velle
1281 1305 1334 1351 et
1362 1311 1526 1366 posse
1575 1295 1809 1364 dederit,
1843 1295 2062 1367 reliquit

465 1388 769 1458 perducere
799 1387 866 1440 ad
895 1381 1174 1440 ell'ectum.

537 1487 624 1539 44.
659 1487 850 1556 Itaque
882 1483 1010 1538 urbs
1066 1484 1280 1538 Leucha
1312 1499 1412 1538 suo
1441 1491 1688 1552 tempore
1745 1482 1928 1536 multis
1957 1483 2061 1536 ad-

468 1575 815 1629 versitatibus
844 1571 906 1598 ³³³
939 1589 966 1626 a
1025 1571 1432 1626 circumvicinis
1474 1572 1543 1600 “9
1578 1571 1954 1640 compatriotis
2011 1579 2064 1626 et

469 1663 744 1718 extraneis
774 1670 1091 1732 aggravata,
1122 1677 1229 1714 non
1244 1669 1452 1714 tantum
1485 1659 1654 1714 doluit
1677 1659 2060 1729 delaboribus,

470 1769 607 1823 quos
631 1768 696 1807 eo
730 1751 940 1806 vivente
972 1759 1053 1804 est
1085 1765 1368 1820 perpessa,
1402 1758 1661 1820 quantum
1717 1748 1883 1816 ﬂevit,
1918 1749 2063 1820 quod

2161 584 2336 655 regali
2367 583 2565 655 palatio
2595 583 2832 654 primum
2861 586 3192 656 capellanus,
3213 586 3580 659 postmodum
3601 584 3791 640 factus

2162 672 2236 726 sit
2263 673 2650 729 cancellarius.
2683 673 2760 726 lbi
2781 673 2942 728 etiam
2976 683 3208 748 quantus
3239 675 3363 731 ferit
3422 674 3798 746 principibus

2164 762 2320 834 regni
2352 763 2488 816 satis
2517 762 2786 832 apparuit.

2233 869 2328 922 46.
2369 868 2470 936 Qui
2501 869 2895 938 omnipotentis
2925 871 3137 926 occulta
3166 869 3626 942 dispositione’“
3647 886 3800 925 con—

2164 955 2373 1010 ceditur
2399 957 2624 1010 antistes
2655 964 2706 1010 et
2723 957 3002 1012 ordinatur
3019 959 3254 1016 Tullensi
3285 959 3587 1030 ecclesiae(
3596 961 3794 1027 1070).

2165 1044 2334 1113 Cujus
2364 1043 2651 1100 a3diﬁcium
2675 1062 2788 1100 non
2829 1047 3006 1102 solum
3039 1048 3444 1119 imperfectum,
3476 1049 3600 1103 sed
3617 1049 3792 1102 etiam

2166 1134 2454 1188 ruinosum
2482 1135 2786 1204 reperiens,
2840 1151 2948 1191 non
3003 1137 3281 1192 minimum
3332 1137 3635 1194 condoluit
3693 1135 3790 1203 “’,

2166 1221 2336 1276 immo
2370 1223 2636 1293 repedare
2668 1223 2930 1295 cogitavit
2962 1244 2976 1292 ;
3009 1226 3152 1298 quia,
3185 1226 3332 1297 quod
3369 1235 3630 1283 mentem
3661 1228 3794 1296 ejus

2167 1318 2338 1372 dirius
2369 1319 2431 1348 ³⁸³
2463 1320 2714 1390 angebat,
2750 1319 2871 1376 sine
2911 1321 3314 1378 intermissione
3367 1323 3788 1396 ingemiscens,

2169 1408 2236 1462 de
2265 1408 2634 1464 consolatione
2665 1409 2730 1438 3“
2757 1409 3064 1466 animarum
3087 1411 3188 1466 sibi
3219 1412 3657 1467 commissarum
3689 1414 3788 1468 de-

2170 1497 2438 1568 sperabat,
2468 1498 2724 1569 quoniam
2757 1515 2863 1571 qua
2912 1500 3169 1570 populum
3197 1500 3424 1557 doceret
3455 1501 3660 1574 lingua
3721 1502 3784 1530 ⁸⁸³

2169 1608 2392 1664 prorsus
2439 1593 2751 1664 ignorabat.
2816 1595 2922 1650 Sed
2953 1595 3135 1651 divina
3157 1595 3328 1652 virtus
3381 1597 3542 1652 circa
3599 1597 3780 1669 ipsum

2170 1681 2495 1753 dignabatur
2541 1683 2842 1754 gloriosum
2898 1685 3189 1740 ostendere
3253 1684 3606 1754 miraculum,
3659 1702 3783 1741 cum

2165 1769 2284 1838 jam
2331 1772 2722 1843 sexagenarius
2779 1788 2947 1842 parvo
3009 1773 3228 1844 quidem
3276 1783 3530 1846 tempore
3581 1775 3785 1846 loque-

468 1847 782 1918 hujusmodi
807 1846 1116 1918 sagacitatis
1147 1854 1199 1901 et
1231 1845 1462 1900 fervoris
1493 1861 1623 1917 erga
1646 1845 1932 1900 utilitatem
1951 1862 2061 1901 suae

2176 1859 2280 1913 lam
2307 1859 2368 1886 ³⁴⁶
2405 1860 2701 1916 inauditam
2735 1865 2848 1932 (99)
2876 1861 3145 1928 didicerit,
3173 1879 3282 1934 qua
3311 1845 3539 1934 plebem
3565 1845 3776 1919 Christi

467 1937 718 1994 ecclesiae
747 1935 920 1990 virum
951 1951 1058 1988 non
1107 1933 1204 1989 fuit
1233 1934 1323 1988 diu
1354 1934 1640 2004 possidere
1661 1934 1847 2006 digna.
1896 1935 2060 2004 Nam,

467 2045 524 2090 ut
548 2035 666 2104 jam
699 2034 956 2101 diximus,
988 2031 1278 2088 castellum
1314 2031 1606 2088 Vallicolor
1634 2031 1720 2097 ³³³,
1754 2032 1900 2102 quod
1924 2048 2062 2103 pene

465 2128 532 2180 40
564 2124 720 2178 anuis
741 2122 803 2151 ³³³
837 2123 1180 2177 Lcuchorum
1212 2121 1502 2176 ecclesiam
1535 2122 1887 2176 vehementer
1915 2122 2060 2176 afﬂi-

467 2221 640 2278 xerat,
675 2229 734 2268 se
777 2213 992 2267 vivente
1049 2211 1378 2265 destructum
1410 2209 1476 2237 ³⁸³
1525 2210 1749 2276 dimisit,
1811 2211 2062 2282 quamvis

467 2303 663 2360 eodem
695 2317 802 2372 quo
853 2308 1180 2370 prmsentem
1211 2299 1376 2354 vitam
1435 2299 1644 2353 transiit
1675 2298 1864 2354 fraude
1917 2315 2060 2370 quo-

465 2391 698 2446 rundam
732 2397 1058 2444 restructum
1075 2387 1234 2443 fuerit
1269 2407 1282 2454 ;
1316 2404 1507 2442 omnes
1527 2387 2062 2444 inimicossuacscdis

466 2489 557 2534 aut
587 2480 758 2535 victos
792 2487 875 2532 aut
915 2485 1139 2548 pacatos
1163 2477 1216 2530 in
1247 2492 1348 2530 suo
1374 2476 1480 2532 ﬁne
1527 2476 1721 2531 habuit
1753 2492 1767 2546 ;
1802 2477 2062 2548 quicquid

473 2578 537 2632 ad
571 2576 932 2648 pontiﬁcalem
967 2574 1317 2646 praebendam
1346 2574 1673 2646 pertinebat,
1705 2574 1846 2629 sicut
1901 2583 2060 2630 antc-

466 2683 657 2722 cessor
687 2682 818 2720 suus
850 2665 1136 2719 Bertoldus
1167 2663 1365 2734 praesul
1399 2671 1672 2730 tenuerat,
1705 2679 1803 2718 suo
1835 2681 2058 2720 succes-

465 2755 578 2810 sori
610 2755 782 2810 solide
813 2753 1123 2808 habendum
1173 2752 1411 2822 reliquit.
1445 2754 1596 2822 Ergo
1628 2753 1766 2808 sicut
1821 2770 2058 2824 superna

467 2844 560 2898 fuit
592 2843 844 2899 voluntas
884 2841 1058 2913 pridie
1089 2840 1218 2895 Idus
1245 2841 1370 2895 Julii
1401 2843 1606 2909 (1069),
1661 2844 1723 2896 18
1756 2859 1870 2896 sua:
1917 2843 2060 2898 ordi-

466 2933 703 2988 nationis
735 2947 898 2999 anno,
959 2931 1028 2985 ab
1059 2931 1160 2986 hac
1189 2931 1310 2985 luce
1331 2930 1617 2985 subrectus
1647 2939 1727 2985 est
1757 2930 1842 2998 ³³³,
1897 2940 1950 2986 et
2005 2932 2060 2986 in

463 3036 577 3074 suae
607 3019 754 3074 sedis
785 3019 1018 3074 ecclesia
1047 3027 1174 3073 ante
1203 3017 1378 3072 altare
1399 3018 1568 3074 sancti
1597 3018 1759 3072 Blasii
1777 3027 1860 3074 est
1888 3019 2059 3075 hono-

463 3107 610 3164 riﬁce
641 3108 940 3163 tumulatus
953 3149 966 3162 .

2173 1947 2304 2002 satis
2335 1947 2752 2018 iutelligibiliter
2781 1958 2832 2004 et
2863 1965 2898 2004 a
2929 1952 3087 2005 malis
3130 1951 3397 2007 desistere
3449 1960 3504 2006 et
3540 1969 3777 2023 quaeque

2170 2037 2313 2091 bona
2345 2036 2603 2106 perﬁcere
2643 2038 2901 2104 edocens,
2962 2039 3216 2110 pervigili
3264 2056 3390 2095 cura
3449 2041 3774 2111 gubernare

2171 2133 2474 2197 satageret.
2518 2127 2686 2180 Porro
2716 2143 2880 2197 quam
2935 2127 3328 2198 infatigabilem
3371 2128 3429 2183 in
3451 2130 3560 2184 Dei
3593 2129 3774 2184 famu-

2169 2213 2281 2268 latu
2313 2230 2372 2268 se
2404 2214 2734 2279 exhibuerit,
2786 2214 2839 2268 in
2879 2215 3046 2270 divini
3097 2215 3279 2280 ofﬁcii,
3321 2219 3616 2273 nocturnis
3675 2220 3770 2274 ho-

2171 2312 2245 2365 ris
2275 2309 2337 2339 ³⁴⁷
2373 2328 2537 2384 quam
2595 2313 2848 2366 assiduus
2900 2313 3076 2378 fuerit,
3117 2313 3170 2367 in
3201 2314 3520 2370 celebritate
3585 2332 3771 2372 sacro-

2171 2399 2344 2454 sancti
2393 2400 2654 2470 tnysterii,
2713 2401 2936 2455 interius
2993 2402 3154 2457 corde
3205 2411 3458 2468 mactato,
3521 2405 3766 2459 exterius

2171 2505 2335 2560 quam
2365 2489 2650 2544 sollemnis
2709 2489 2962 2556 extiterit,
2997 2490 3052 2544 in
3107 2491 3276 2548 sacris
3330 2491 3769 2547 ordinationibus

2173 2586 2428 2657 pontiﬁcii
2459 2604 2616 2658 quam
2648 2587 2934 2660 angelicus
2981 2589 3306 2660 apparuerit,
3339 2589 3483 2644 sicut
3542 2607 3652 2648 nec
3707 2593 3768 2646 de

2169 2676 2432 2731 memoria
2460 2677 2552 2747 qui
2584 2676 2834 2732 viderunt
2865 2676 2994 2746 labi,
3028 2677 3096 2732 ita
3118 2693 3220 2734 nec
3279 2677 3476 2733 futuris
3516 2680 3771 2734 mortali-

2169 2766 2274 2820 bus
2306 2765 2466 2820 facile
2495 2765 2693 2837 poterit
2723 2765 3007 2822 innotesci.
3059 2766 3158 2823 llic
3187 2766 3448 2822 nimirum
3477 2768 3536 2823 in
3560 2769 3766 2824 elemo-

2170 2863 2302 2916 sinis
2331 2864 2508 2920 fuerat
2540 2863 3103 2932 misericordissimus,
3128 2863 3180 2919 iu
3235 2866 3657 2937 peregrinorum
3687 2867 3766 2922 vel

2168 2953 2442 3023 hospitum
2476 2953 2827 3022 susceptione
2846 2952 3226 3020 hilarissimus,
3251 2955 3451 3010 vinctis
3463 2963 3519 3010 et
3541 2957 3765 3028 aegrotis

2168 3041 2416 3096 visitator
2445 3041 2742 3112 piissimus,
2777 3041 2832 3095 in
2863 3041 3147 3096 viduarum
3180 3041 3264 3096 vel
3294 3043 3630 3114 pupillorum
3661 3045 3761 3100 de-

2169 3129 2416 3185 fensione
2437 3130 2794 3200 justissimus,
2850 3139 3126 3201 postremo
3152 3132 3208 3186 in
3256 3131 3550 3187 dilectione
3583 3135 3682 3188 Dei
3712 3142 3762 3187 et

531 3217 623 3271 45.
663 3216 876 3271 Domno
896 3215 1088 3270 Udone
1119 3214 1184 3242 ³³⁴
1215 3214 1282 3269 de
1314 3215 1497 3270 medio
1529 3214 1695 3281 facto,
1731 3215 2060 3271 venerabilis
2091 3213 2142 3277 C
2173 3220 2411 3291 proximi
2433 3221 2823 3290 perseverabat
2858 3219 3292 3274 ferventissimus
3317 3219 3410 3275 ’“.
3448 3221 3654 3294 Sicque
3669 3223 3762 3278 Dei

459 3309 591 3368 Pibo
619 3313 688 3368 ad
717 3313 946 3368 eandem
979 3312 1165 3367 sedem
1213 3327 1338 3367 mox
1397 3313 1668 3368 successit
1695 3311 1758 3340 ³³³
1794 3313 2059 3368 ordinan—

459 3402 588 3456 dus.
629 3401 734 3471 Qui
768 3401 1082 3472 parentibus
1104 3417 1214 3456 non
1238 3400 1458 3468 inﬁmis,
1485 3401 1860 3472 scilicetpatre
1881 3403 2061 3456 Tliiet-

461 3506 614 3547 maro
647 3489 733 3558 ³³⁸,
769 3499 943 3546 matre
977 3497 1134 3546 verto
1164 3490 1413 3546 Dudicha
1457 3491 1799 3562 progenitus,
1837 3491 1904 3545 de
1924 3500 2065 3544 terra

464 3580 740 3635 Saxonum
791 3579 1051 3634 oriundus
1082 3579 1288 3633 extitit.
1328 3578 1428 3647 Qui
1485 3579 1554 3632 ab
1585 3587 1748 3634 aetate
1805 3579 2063 3650 primmva

461 3676 758 3732 litterarum
780 3676 1082 3746 disciplinae
1113 3675 1366 3744 traditus,
1402 3676 1504 3730 sub
1535 3676 1804 3748 magistro
1834 3680 2064 3732 Annone

463 3775 654 3837 postea
683 3765 860 3821 futuro
884 3765 1374 3837 Agrippinensium
1395 3764 1459 3792 ⁸³⁷
1494 3767 1764 3835 ρνεεευάθ,
1791 3765 2063 3821 scolarum

461 3862 789 3919 exercicium
821 3861 1439 3936 transigens”',dividae
1484 3862 1841 3918 institutionis
1901 3873 2067 3935 atque

463 3953 754 4008 mundanae
793 3951 987 4022 peritia
1033 3950 1280 4020 adprime
1331 3951 1570 4006 emicuit.
1605 3951 1741 4006 Dein
1767 3968 1898 4007 vero
1949 3951 2062 4024 jam

466 4041 906 4096 adolescentulus
936 4040 987 4094 in
1001 4040 1408 4096 Halvertetensi
1469 4040 1708 4096 ecclesia
1737 4040 1971 4097 efficitur
1999 4041 2063 4069 '”

469 4139 788 4202 canonicos,
825 4137 911 4192 ubi
945 4153 1164 4192 omnem
1221 4137 1418 4193 callem
1452 4137 1755 4207 prudentiae
1811 4153 1935 4194 cum
1958 4153 2070 4192 mo-

470 4227 631 4280 desta
660 4225 992 4280 fortitudinis
1039 4225 1354 4296 operatione
1407 4225 1551 4280 inter
1604 4242 1943 4297 coaequaevos
1997 4227 2070 4280 ita

469 4314 819 4386 praecucurrit
876 4313 962 4379 ³⁶⁰,
1023 4322 1080 4368 ut
1133 4322 1325 4369 cuncta
1372 4313 1557 4370 ofﬁcia
1625 4314 1767 4386 ipius
1823 4315 2071 4370 ecclesiae

471 4411 730 4482 paulatim
787 4411 1105 4482 susciperet,
1165 4411 1508 4466 laudabiliter
1569 4421 1878 4483 perageret,
1941 4413 2072 4483 quin

473 4500 640 4556 etiam
671 4500 908 4556 honores
937 4500 1186 4556 ecclesiae
1211 4511 1436 4556 cunctos
1497 4509 1700 4572 praeter
1729 4500 2066 4572 pontiﬁcium

2171 3309 2350 3381 gratia
2379 3307 2650 3378 perfusus.
2712 3323 3085 3380 quoscumque
3113 3325 3318 3381 genere
3347 3309 3436 3364 vel
3499 3309 3754 3366 facultate

2172 3397 2446 3452 tenuiores
2476 3396 2529 3450 in
2563 3396 2713 3452 clero
2742 3394 3150 3462 considerabat,
3183 3405 3416 3451 nontam
3443 3399 3628 3454 verbis
3657 3415 3756 3470 pa—

2173 3495 2342 3541 ternae
2391 3483 2800 3552 consolationis,
2835 3501 2996 3555 quam
3055 3485 3216 3542 etiam
3272 3486 3442 3542 rebus
3500 3497 3758 3543 sustenta-

2170 3575 2260 3629 bat
2281 3574 2365 3628 ³³³.

2242 3674 2337 3728 47.
2371 3671 2662 3728 Civitatem
2690 3687 2812 3728 cum
2836 3671 3412 3744 suburbioceterisque
3424 3673 3538 3728 suis
3565 3691 3750 3746 appen-

2171 3761 2338 3827 ditiis,
2373 3777 2492 3832 quae
2522 3776 2554 3816 a
2583 3761 2777 3816 diebus
2835 3761 2916 3816 sui
2939 3759 3432 3832 praedecessoris'”
3474 3763 3624 3832 quasi
3653 3764 3746 3818 de-

2172 3860 2317 3904 serta
2339 3850 2570 3916 fuerant,
2605 3850 3066 3921 quemadmodum
3088 3848 3747 3919 locupletaverit,zedificia

2173 3955 2270 3994 suo
2303 3947 2543 4008 tempore
2574 3947 2882 3993 constructa
2902 3939 3295 3994 demonstrant.
3335 3937 3591 4007 Quotiens
3608 3942 3743 3995 enim

2174 4029 2456 4100 episcOpio
2485 4026 2545 4055 ³³³
2585 4027 2784 4082 bellum
2812 4027 3150 4092 imminebat,
3199 4042 3360 4098 quam
3389 4027 3624 4098 pluribus
3653 4029 3736 4084 ³⁸³.

2177 4134 2378 4172 mensae
2408 4134 2524 4172 sum
2553 4116 2878 4172 victualibus
2905 4115 3202 4180 distractis,
3228 4115 3476 4172 ecclesia:
3505 4132 3686 4187 pacem
3714 4134 3741 4173 a

2175 4215 2422 4286 tyrannis
2452 4214 2787 4268 irruentibus
2808 4213 3226 4285 circumquaque
3255 4213 3596 4282 comparabat
3651 4213 3731 4267 ³⁵³.

2177 4314 2358 4368 Primo
2384 4313 2550 4385 igitur
2579 4312 2728 4367 aditu
2757 4311 3032 4382 prredictaz
3047 4309 3216 4364 sancti
3235 4309 3492 4380 Stephani
3522 4311 3738 4367 basilica:

2178 4410 2368 4465 turrim
2398 4426 2521 4465 cum
2551 4408 2801 4480 gemellis
2831 4407 3246 4478 campanaribus
3277 4407 3449 4476 (100),
3506 4408 3600 4462 sub
3646 4425 3738 4480 qua

2174 4499 2379 4570 praesul
2406 4499 2551 4553 idem
2575 4497 2734 4567 juxta
2763 4512 2918 4552 aram
2959 4504 3162 4552 sancta:
3191 4493 3374 4550 Mariae
3429 4496 3737 4568 Magdalenae

1798 4671 2028 4728 νΑῆῐῶ
2066 4668 2473 4726 LECTIONES.

547 4773 610 4802 '”
663 4770 942 4828 habitabat
997 4773 1049 4825 3.
1111 4768 1176 4799 ³³⁷
1229 4769 1614 4826 archarissimo
1655 4773 1706 4822 1.

481 4845 544 4874 ³³¹
603 4861 782 4901 annos
861 4847 913 4898 3.
974 4841 1040 4869 ”’
1083 4843 1472 4897 destruendum
1529 4845 1582 4896 3.

479 4917 540 4946 ⁸⁸⁸
603 4917 886 4984 [hiemare
921 4918 979 4968 3.
1075 4910 1140 4942 ⁸³⁷
1196 4913 1652 4984 agrippinesiuur
1687 4917 1734 4966 l.

479 4990 688 5044 satione
745 4991 797 5042 3.
875 4983 938 5012 “'
1016 5001 1110 5039 cor
1137 4981 1424 5040 doluit]?
1490 4983 1552 5011 ⁸⁸³
1624 4983 1814 5037 durius
1847 4988 1902 5038 3.
1985 4981 2046 5009 ³“

1792 4767 1855 4796 ⁸³⁸
1911 4768 2351 4824 adversantibus.
2391 4769 2447 4822 1.
2527 4765 2590 4793 ³⁹⁹

1658 4839 1721 4868 ³³³
1805 4848 1888 4896 est
1941 4840 1984 4893 l.
2051 4857 2096 4894 s.
2133 4843 2184 4892 3.
2245 4838 2308 4866 ³³⁴
2369 4839 2688 4893 leuchorum
2744 4836 2992 4906 pontiﬁce
3049 4836 3174 4891 add.
3234 4839 3292 4890 3.
3359 4834 3526 4906 “7‘45.
3561 4850 3631 4906 7m.
3674 4839 3720 4888 3.

1812 4912 1876 4940 ³⁸³
1934 4911 2205 4965 transiens

2129 4981 2510 5036 condolatione
2561 4985 2610 5034 1.

2673 4781 2722 4821 c.
2775 4773 2828 4820 et
2883 4782 2931 4821 c.
2993 4768 3045 4821 3.
3161 4763 3224 4792 ³³³
3313 4763 3626 4819 vallicolmis
3685 4767 3731 4818 3.

2261 4913 2310 4963 1.
2368 4909 2430 4937 ³³³
2493 4910 2646 4964 deest
2703 4911 2757 4960 1.
2823 4907 2888 4935 ³³⁰

2925 4907 3312 4978 praecurrit
3398 4904 3457 4934 ³⁸³
3540 4905 3731 4978 dispen-

2707 4977 2776 5052 ³³³
2849 4977 3083 5052 litigam_
3120 4982 3170 5052 l.

3243 4975 3305 5004 “‘
3349 4979 3499 5046 prius
3549 4977 3662 5030 add.
3686 4983 3727 5029 3.

481 5061 543 5091 “7
576 5069 742 5131 atque
761 5056 970 5131 diurnis
1000 5057 1128 5131 add.
1164 5061 1215 5110 3.
1271 5054 1341 5131 ³⁴³
1379 5054 1483 5124 Qui
1514 5071 1617 5112 nec
1673 5053 2356 5131 propiciisexaltatusnec
2413 5051 2661 5131 adversis
2689 5047 2954 5131 dejectus'.
2991 5049 3086 5103 sed
3133 5048 3308 5131 illatas
3336 5047 3729 5131 sibincontutae-

480 5135 579 5188 lias
601 5117 702 5203 pro
724 5129 937 5184 Christo
967 5127 1236 5198 patienter
1269 5117 1470 5203 ferens,
1501 5145 1609 5182 non
1631 5117 1802 5203 solum
1836 5124 1975 5203 notis
2005 5133 2060 5178 et
2091 5117 2938 5203 amicisverumuetiaminimicis
2963 5117 3514 5203 apparebatamabilis
3533 5117 3655 5203 add.
3675 5123 3718 5197 3_.

484 5187 544 5232 ³³³
575 5187 1056 5274 ingenuos__autem
1077 5187 2092 5274 egregienutriens_opibus_ecclesue
2120 5211 2217 5248 seu
2247 5195 2602 5265 dignitatibus
2628 5193 2834 5274 ditabat
2866 5187 3085 5272 addf‘l.
3112 5189 3187 5272 .”°
3222 5208 3276 5271 ξ).
3309 5191 3395 5271 sui
3531 5187 3614 5274 "1‘
3637 5187 3726 5274 epi-

481 5259 730 5345 sc0poy3.
808 5270 875 5297 ³⁵³
916 5259 1259 5345 Δι)1ιιι·ἰῐῆἰιῐιι”
1308 5271 1361 5325 3.
1437 5269 1500 5296 ³⁵³
1581 5259 1758 5345 Super
1813 5269 2108 5345 his‘autem
2149 5282 2286 5345 ‘quae
2307 5259 2686 5345 “me-morando
2718 5263 3052 5345 retexuimus
3080 5261 3126 5316 si
3146 5259 3720 5345 quispiamincredulus

479 5331 832 5406 haesitaverit,
863 5331 959 5396 ad.
994 5341 1255 5412 templum
1288 5331 1738 5412 prothomarty'ris
1778 5338 2022 5396 revolvat
2042 5331 2233 5392 oculos
2263 5338 2476 5401 mentis,
2535 5351 2744 5406 nosque
2775 5333 3040 5390 mendacii
3084 5331 3308 5388 minime
3339 5333 3607 5404 redarguet
3656 5331 3724 5384 vel

479 5415 830 5472 adulationis.
865 5412 1000 5467 add.
1042 5417 1070 5466 3
1085 5453 1098 5466 .

1997 5503 2229 5560 NOTAE.

549 5614 661 5678 (99)
691 5607 911 5678 Scilicet
938 5604 1226 5661 Gallicam.
1260 5610 1328 5663 P.

550 5676 673 5748 (100
708 5676 1000 5748 Benoit,p.
1029 5679 1150 5744 398,
1196 5679 1299 5735 hoc
1341 5679 1394 5734 in
1427 5695 1476 5736 a.
1505 5681 1634 5736 1091
1694 5681 1978 5739 collocavit
2005 5692 2059 5741 et

481 5765 545 5824 ex
559 5747 794 5824 quodam
811 5747 1001 5824 codice
1033 5749 1345 5824 (Gestorum
1377 5752 1556 5824 f?)ha3c
1599 5751 1794 5808 refert:
1829 5757 2050 5812 Funda-

477 5823 554 5894 uit
578 5821 704 5876 Pibo
727 5823 780 5873 et
797 5821 1128 5894 consita-agit
1141 5821 1349 5894 turrim
1371 5822 1539 5894 ltujus
1556 5825 1752 5894 templi
1765 5841 1894 5880 cum
1908 5827 2047 5882 dua-

481 5890 577 5946 bus
589 5887 884 5960 campanis
897 5892 951 5941 et
963 5887 1244 5944 dedicavit
1259 5909 1272 5956 ;
1289 5887 1692 5961 unde’quolibet
1703 5911 1853 5952 anno
1867 5899 1926 5951 in
1943 5913 2063 5954 cra-

2187 5608 2340 5664 stino
2359 5602 2760 5660 translationis
2783 5601 2844 5657 S.
2879 5599 3110 5656 Gcrardi
3121 5597 3542 5654 celebrabantur
3561 5596 3717 5652 hama

2188 5684 2303 5736 toto
2321 5679 2603 5733 conventu
2628 5675 2689 5728 in
2703 5673 2857 5727 dicta
2884 5675 3044 5726 turre
3063 5686 3097 5724 α
3107 5669 3308 5742 primis
3331 5670 3563 5742 vesperi;
3580 5684 3718 5740 usque

2181 5752 2256 5806 ad
2287 5743 2898 5805 secunrtas.Sciendum
2921 5745 3008 5797 est
3017 5740 3178 5813 .quod
3200 5741 3266 5795 ab
3281 5741 3514 5813 antiquo
3534 5740 3717 5802 iuvenes

2169 5824 2234 5878 de
2251 5809 3088 5881 ecclesia,etia~mcanonici,ilfa
3101 5812 3188 5866 die
3200 5809 3718 5879 conveniebant,etin

2187 5896 2340 5950 dicta
2354 5895 2511 5947 turre
2528 5889 2700 5960 simul
2711 5885 2967 5942 bibebant
3007 5888 3062 5940 et
3075 5881 3516 5953 comedebant,ct
3530 5881 3720 5958 quilibet
