3882 6414
127 412 238 468 473

1333 410 1557 466 GESTA
1596 411 1787 468 EPISC
1802 456 1815 469 .
1860 414 2177 470 TULLENS
2190 456 2202 468 .

3324 416 3431 472 4⁵74

122 532 428 591 honoriﬁce
457 532 699 603 sepultus
727 533 1039 604 requiescit,
1090 550 1124 590 a
1177 534 1538 589 fundamentis
1592 551 1723 590 cono
1749 538 1804 598 Α
1836 539 2076 608 politana
2103 538 2272 609 igitur
2301 539 2439 595 urbe
2474 540 2793 611 regrediens
2824 543 3029 609 (1087),
3062 555 3091 593 a
3138 539 3431 612 gloriosis-

126 630 349 697 struxit,
383 629 481 684 sed
513 645 615 685 nec
643 629 819 684 minus
869 630 1190 686 celsitudine
1240 634 1487 700 ejusdem
1545 635 1731 689 media.

125 718 235 772 tria
265 718 479 786 altaria,
514 717 749 772 medium
782 719 997 789 quidem
1030 720 1286 793 gloriosae
1318 722 1415 776 Dei
1446 723 1730 793 genitricis

128 820 341 887 Maria},
375 819 626 875 dextrum
654 836 785 875 vero
815 822 1077 890 apostolis
1107 823 1381 891 omnibus,
1434 823 1648 878 tertium
1698 838 1731 877 a

129 907 371 962 sinistris
397 908 724 979 martyribus
754 908 972 976 sanctis,
996 910 1093 963 sed
1112 918 1163 965 et
1194 910 1516 981 pigneribus
1551 909 1732 965 multis

129 996 494 1067 reliquiarum
546 997 834 1066 impositis,
870 997 1107 1052 devotus
1168 1000 1537 1055 consecravit.
1600 1001 1732 1054 [tem

129 1084 413 1155 laquearia
463 1085 705 1153 ejusdem
753 1085 1081 1140 monasterii
1132 1088 1369 1157 mystico
1407 1103 1571 1157 opere
1621 1088 1734 1142 ful-

131 1173 346 1244 gentia,
375 1172 648 1244 picturam
678 1189 897 1245 quoque
927 1174 1215 1231 dominicae
1240 1176 1541 1246 majestatis
1563 1176 1735 1230 immi-

130 1281 359 1328 nentem
391 1273 551 1328 altari
581 1275 859 1345 praecipuo
887 1283 1005 1329 arte
1035 1274 1118 1331 vel
1167 1284 1408 1331 scemate
1455 1276 1735 1333 decoravit

138 1361 585 1432 preciosissimo.
626 1362 897 1419 Coronam
920 1364 1167 1418 similiter
1194 1373 1511 1436 argenteam
1568 1381 1736 1420 aurea

133 1450 410 1505 varietate
463 1451 781 1520 micantem,
841 1468 969 1523 quae
1044 1453 1295 1522 speciosa
1380 1453 1735 1523 amplitudine

131 1539 323 1594 medio
353 1539 477 1594 sinu
508 1539 781 1610 dependet
824 1541 1065 1597 basilicze
1119 1540 1389 1597 fabricare
1424 1541 1485 1569 ⁸⁵*
1536 1543 1723 1611 jussit.

132 1627 433 1684 Sacrorum
464 1629 627 1683 etiam
654 1645 907 1685 vasorum
934 1646 1162 1685 numero
1216 1632 1445 1687 calicem
1490 1646 1551 1688 ex
1603 1648 1733 1688 auro

130 1716 431 1787 purissimo
452 1718 873 1787 preciosissimis
893 1728 1142 1773 ornatum
1166 1719 1438 1790 lapidibus
1469 1720 1721 1775 adauxit.

132 1806 277 1860 Item
302 1820 598 1876 campanar
627 1816 912 1862 exstruens
942 1807 1203 1879 ligneum,
1249 1824 1459 1863 summa
1508 1809 1633 1864 tecti
1672 1808 1732 1837 ³⁸⁸

132 1894 422 1963 crepidine
469 1894 803 1964 prominens,
848 1896 1120 1965 plumbeis
1183 1897 1399 1967 operuit
1464 1897 1727 1962 laminis;
1759 1889 1811 1949 Β

130 1981 445 2037 cancellum
477 1998 692 2054 quoque
723 1983 1105 2038 similicuravit
1134 1992 1319 2054 tegere
1343 1986 1580 2041 metallo.
1599 1986 1733 2054 Quis

132 2085 400 2141 umquam
442 2068 502 2097 '“
535 2070 667 2125 tanti
699 2071 976 2141 pontiﬁcis
1027 2082 1183 2142 gesta
1232 2074 1401 2143 possit
1457 2090 1732 2129 rememo-

132 2173 262 2212 rare
300 2155 364 2185 “7
391 2174 489 2228 per
517 2159 734 2226 singula
763 2161 791 2213 εν
822 2158 927 2227 Qui
973 2159 1216 2230 profecto
1273 2162 1418 2232 quod
1472 2161 1683 2233 legerat
1717 2181 1728 2216 :

138 2247 416 2303 Ociositas
432 2247 664 2303 inimica
692 2252 778 2303 est
797 2250 1024 2312 animos,
1062 2266 1282 2320 semper
1307 2260 1487 2305 mente
1528 2249 1589 2277 ’⁵⁸
1608 2251 1734 2306 reti-

129 2350 296 2404 nens,
356 2344 446 2390 aut
498 2335 553 2389 in
588 2336 1018 2407 augmentandis
1072 2339 1324 2393 ecclesiae
1399 2341 1733 2395 ornamentis

130 2423 589 2495 restruendisque
644 2426 816 2480 sacris
869 2424 1096 2481 adiﬁciis
1154 2426 1463 2482 insudando
1505 2426 1587 2494 ⁸⁸⁸,
1645 2436 1733 2484 aut

132 2512 378 2583 publicis
407 2512 843 2568 ordinationibus
873 2514 1139 2570 universae
1167 2517 1472 2585 parrochiae
1511 2516 1573 2544 ‘°°
1613 2534 1734 2573 sum

138 2600 491 2656 sollicitando
520 2617 819 2672 numquam
848 2602 1100 2658 inventus
1129 2613 1217 2660 est
1236 2604 1475 2660 ociosus.

208 2690 304 2744 48.
346 2689 455 2745 Sed
485 2690 739 2761 quoniam
766 2707 867 2746 nec
897 2692 1058 2746 minis
1086 2708 1186 2748 nec
1233 2693 1518 2749 blandiciis
1564 2695 1733 2766 regias

132 2778 420 2849 potestatis
449 2793 483 2832 a
511 2775 618 2833 ﬁde
649 2786 701 2833 et
730 2780 1039 2835 obedientia
1067 2790 1267 2836 sanctas
1300 2784 1558 2837 Romanae
1582 2783 1731 2839 sedis

136 2867 470 2921 venerabilis
514 2867 645 2922 Pibo
702 2866 844 2922 ﬂecti
900 2869 1176 2940 nequibat,
1235 2869 1382 2924 inter
1440 2870 1731 2927 innumera

134 2963 303 3009 tantae
331 2955 729 3025 persecutionis
761 2956 979 3022 damna,
1013 2975 1135 3028 quae
1166 2959 1357 3014 sedulo
1404 2960 1729 3030 perferebat,

133 3052 346 3098 curtem
374 3043 643 3099 Tullensis
679 3042 740 3073 ³⁶¹
765 3046 1013 3101 ecclesiae
1028 3046 1136 3115 juri
1165 3048 1405 3102 debitam
1446 3050 1731 3104 Bercheim

132 3131 201 3161 ⁸⁸³
217 3132 457 3199 nomine,
491 3134 698 3188 honore
726 3134 1001 3206 quondam
1032 3144 1083 3190 et
1131 3135 1439 3206 frugalitate
1461 3137 1731 3208 opinatis-

1838 635 1976 689 simo
2006 635 2321 690 Graecorum
2355 636 2706 707 imperatore,
2731 638 2824 708 qui
2845 637 3003 692 valde
3032 636 3211 707 ipsum
3242 637 3433 708 dilige-

1840 723 1947 787 bat,
1982 739 2089 778 non
2122 739 2348 793 parvam
2380 725 2670 781 dominica
2693 726 2872 782 crucis
2901 726 3203 796 portionem
3252 725 3432 796 impe-

1841 811 2017 877 travit,
2057 828 2217 883 quam
2247 829 2370 867 cum
2400 814 2572 868 sacris
2591 814 2943 885 reliquiarum
2961 814 3284 885 pigneribus
3306 814 3435 869 dor-

1839 900 2152 972 salibusque
2182 901 2602 970 preciosissimis
2619 904 2911 974 multisque
2945 900 3006 930 ⁸⁶⁹
3037 902 3267 958 alterius
3284 902 3435 957 modi

1840 996 2077 1051 donariis
2110 997 2359 1053 ecclesiae
2387 1015 2500 1054 suae
2542 997 2605 1027 ⁸⁷⁰
2663 1000 2892 1054 devotus
2951 998 3203 1055 contulit.
3268 998 3440 1054 Jussit

1841 1100 1973 1155 ergo
2004 1101 2223 1141 crucem
2254 1101 2510 1157 magnam
2533 1103 2596 1141 ex
2629 1103 2761 1143 auro
2782 1087 3074 1158 purissimo
3094 1087 3438 1158 gemmisque

1842 1174 2177 1228 radiantibus
2205 1174 2494 1231 artificiose
2524 1176 2802 1242 fabricari,
2835 1177 2891 1230 in
2921 1193 3026 1248 qua
3070 1175 3251 1231 vitalis
3299 1175 3441 1246 ligni

1843 1262 2202 1332 margaritum
2260 1264 2469 1320 cunctis
2523 1265 2719 1336 opibus
2789 1265 3090 1335 preciosius
3166 1264 3439 1335 condigne

1843 1350 2216 1421 imponeretur
2241 1352 2309 1406 ad
2363 1353 2844 1424 comportandum,
2903 1361 3069 1424 utque
3113 1350 3439 1424 superpositi

1844 1448 2024 1493 tamen
2059 1438 2117 1467 ⁸⁷³
2144 1440 2385 1496 claritate
2417 1442 2612 1512 lapidis
2634 1442 2808 1498 oculis
2853 1442 3175 1497 intuentium
3215 1441 3440 1497 eviden-

1844 1541 1922 1587 ter
1949 1542 2225 1605 appareat,
2268 1542 2315 1588 et
2357 1533 2602 1590 ﬁdelium
2650 1536 2907 1591 cordibus
2962 1535 3437 1606 compunctionem

1842 1619 2031 1676 afferat
2057 1622 2256 1692 pariter
2295 1621 2358 1650 ⁸⁷³
2388 1632 2439 1677 et
2482 1624 2729 1679 salutem.
2765 1624 2908 1693 Quid
2968 1624 3167 1697 plura?
3226 1623 3437 1680 Deinde

1841 1710 2030 1765 mundi
2061 1710 2258 1765 relictis
2288 1712 2563 1776 omnibus,
2587 1714 2699 1782 jam
2719 1721 3071 1769 consecratur
3093 1713 3395 1767 monachus
3420 1730 3433 1776 ;

1842 1799 1985 1871 quod
2018 1807 2199 1854 tamen
2227 1799 2388 1855 ﬁebat
2420 1802 2669 1858 clanculo
2690 1803 2741 1857 in
2791 1802 3109 1858 Divionensi
3149 1802 3427 1857 coenobio.

1915 1888 2000 1942 49.
2034 1890 2323 1960 Postquam
2386 1898 2571 1944 autem
2622 1892 2779 1961 plebs
2836 1890 3111 1946 Tullensis
3169 1898 3318 1944 tanto
3376 1906 3436 1945 se

1841 1991 1894 2030 Ol
1913 1978 2093 2030 batam
2124 1986 2355 2047 patrono
2385 1980 2683 2048 persensit,
2711 1978 3212 2050 incomparabiliter
3239 1977 3436 2050 lugens

1842 2065 1989 2134 quod
2017 2064 2202 2119 sanius
2230 2066 2401 2136 potuit
2430 2068 2716 2122 consilium
2746 2068 2952 2124 caelitus
2982 2067 3228 2137 sumpsit,
3282 2083 3436 2121 sum-

1841 2169 2099 2225 mumque
2132 2155 2390 2210 Romanae
2420 2156 2568 2210 sedis
2589 2165 2861 2226 pastorem
2877 2173 2976 2226 per
2994 2158 3204 2226 legatos
3221 2155 3433 2222 adiens,

1841 2247 2195 2302 desolationis
2226 2265 2342 2303 suae
2371 2251 2569 2304 seriem
2601 2258 2655 2304 et
2693 2251 2837 2320 quod
2880 2249 3230 2304 desiderabat
3280 2258 3435 2320 pate-

1841 2335 1993 2400 fecit,
2019 2344 2166 2391 eteo
2202 2353 2377 2407 usque
2424 2338 2911 2409 supplicationibus
2959 2338 3264 2393 lacrimosis
3312 2346 3436 2394 ante

1839 2423 2019 2493 ipsum
2050 2425 2310 2490 incubuit,
2336 2425 2512 2481 donec
2543 2426 2647 2497 pia:
2692 2426 2937 2497 petitioni
2993 2426 3233 2496 ipsorum
3292 2441 3437 2496 papa

1842 2512 2218 2567 sanctissimus
2247 2514 2561 2586 ignescens,
2594 2516 2876 2585 preprium
2923 2523 3218 2585 pastorem,
3270 2530 3434 2586 quem

1842 2609 2188 2679 repetebant,
2223 2610 2311 2665 vel
2339 2610 2477 2665 sicut
2506 2618 2626 2666 erat
2655 2612 2980 2666 monachum
3012 2611 3169 2666 reddi
3191 2610 3431 2681 jubet-et,

1842 2699 1973 2770 quin
2001 2698 2165 2753 immo
2195 2698 2497 2768 apostolica
2531 2701 2850 2755 auctoritate
2895 2699 3268 2770 compelleret.
3320 2700 3437 2754 Hac

1841 2802 1976 2856 ergo
2005 2787 2179 2858 gratia
2208 2786 2405 2841 divinae
2436 2788 2797 2843 miserationis
2828 2797 3109 2858 suscepta,
3162 2787 3432 2857 Omnipo-

1841 2876 1971 2929 tenti
2002 2876 2482 2946 apostolorumque
2517 2875 2853 2946 principibus
2883 2876 3072 2931 laudes
3112 2890 3221 2931 non
3270 2876 3436 2931 inde-

1842 2972 1983 3026 bitas
2033 2972 2432 3042 persolventes,
2485 2973 2819 3029 Divionense
2877 2974 3268 3030 monasterium
3325 2973 3436 3029 laati

1840 3061 2249 3133 adgrediuntur,
2284 3062 2785 3116 reverentissimum
2818 3063 3076 3118 Pibonem
3106 3062 3261 3134 quasi
3291 3062 3435 3117 redi-
3486 3128 3491 3133 η

1841 3150 2024 3205 vivum
2054 3165 2176 3204 cum
2209 3151 2511 3222 gratiarum
2552 3149 2769 3205 actione
2809 3150 3099 3220 recipiunt,
3142 3158 3195 3205 et
3228 3152 3435 3220 majore

136 3221 356 3310 δίφθῐη,
406 3236 568 3293 quam
611 3238 712 3293 Per
768 3222 962 3278 ﬁdeles
1014 3223 1165 3295 regis
1221 3225 1417 3280 diebus
1473 3227 1731 3282 amiserat
1760 3246 1808 3310 Ο
1840 3238 2134 3293 admodum
2167 3221 2327 3310 quam
2359 3239 2530 3309 prima
2559 3238 2891 3293 exultatione
2937 3239 3275 3294 Leuchorum
3316 3238 3437 3293 sedi

134 3308 344 3375 multis,
376 3318 503 3364 ante
533 3310 660 3367 vitae
688 3327 802 3367 suae
849 3313 1137 3367 terminum
1194 3314 1443 3370 ecclesia:
1500 3316 1731 3370 restituit

133 3415 241 3470 per
271 3398 717 3470 quinquennium.
738 3400 985 3471 Denique
1007 3400 1198 3457 videns
1228 3402 1520 3473 praedictus
1547 3413 1733 3475 pastor

134 3486 482 3558 imperialem
525 3489 967 3559 persecutionem
1034 3490 1256 3546 minime
1297 3490 1358 3518 ⁸⁸³
1386 3492 1573 3561 minui,
1632 3493 1731 3549 sed

136 3584 434 3641 nonnullos
460 3586 841 3657 episcoporum
875 3604 971 3658 per
998 3603 1159 3643 omne
1192 3587 1253 3617 '“
1281 3590 1733 3646 Theutonicorum

141 3689 381 3745 regnum
411 3674 751 3730 adhmrentes
782 3677 898 3748 regi
938 3676 1005 3730 de
1053 3676 1425 3733 inobedientia
1475 3679 1734 3735 Romana

141 3762 295 3818 sedis
320 3762 695 3829 condemnari,
729 3779 838 3819 non
871 3771 1055 3819 tamen
1096 3764 1158 3793 ⁸⁸⁸
1188 3766 1256 3821 de
1295 3767 1380 3821 sui
1427 3770 1736 3825 constantia

138 3850 473 3923 ambigebat,
506 3851 674 3907 immo
697 3852 957 3909 instinctu
987 3854 1170 3910 divino
1210 3864 1438 3925 propter
1476 3870 1736 3926 peccato-

140 3956 269 3994 rum
298 3955 522 3996 suorum
549 3941 920 4011 paenitentiam
956 3940 1019 3970 ³⁸⁸
1050 3943 1231 3999 locum
1275 3944 1563 4000 dominicae
1606 3962 1734 4015 pas-

142 4028 321 4085 sionis
350 4029 501 4085 adire
528 4030 774 4100 cupiens,
819 4046 940 4087 cum
997 4032 1194 4088 comite
1249 4032 1527 4088 Conrardo
1586 4034 1736 4105 (101)

141 4131 444 4203 multisque
476 4132 629 4204 regni
652 4132 1006 4204 principibus,
1031 4135 1267 4190 ducente
1305 4136 1439 4199 Deo,
1473 4136 1736 4191 Hieroso-

143 4219 345 4291 lymam
394 4222 646 4291 pervenit
699 4224 902 4291 (1085),
962 4224 1053 4277 ubi
1102 4240 1334 4295 qumque
1391 4225 1737 4279 sanctissima

143 4309 433 4365 dominica:
472 4306 535 4338 ⁸⁸⁷
565 4311 992 4366 conversationis
1021 4312 1143 4367 loca
1164 4328 1270 4367 non
1290 4312 1465 4367 minus
1506 4329 1737 4383 corpore

145 4422 313 4478 quam
343 4411 506 4463 corde
533 4407 765 4464 contrito
786 4409 1143 4479 perlustrans,
1168 4418 1289 4465 ante
1313 4409 1738 4466 Dominimonu-

144 4505 392 4551 mentum
427 4511 524 4566 pro
582 4503 829 4551 reatuum
885 4513 1110 4553 suorum
1162 4498 1323 4553 venia
1379 4499 1736 4553 lacrimarum

1840 3327 2158 3382 solemniter
2188 3327 2627 3393 reinthronizato,
2660 3342 2693 3381 a
2736 3324 2796 3354 ⁸⁷³
2853 3328 3088 3382 maximo
3142 3342 3315 3398 usque
3363 3327 3435 3381 ad

1841 3416 2123 3470 minimum
2152 3415 2296 3470 fideli
2326 3415 2652 3482 obedientia,
2686 3415 2870 3487 quoad
2896 3414 3042 3481 vixit,
3076 3415 3257 3470 clerus
3308 3430 3433 3471 cum

1840 3514 2043 3586 populo
2072 3514 2282 3585 pariter
2310 3514 2684 3585 obsequuntur
2725 3512 2807 3578 ⁸⁷⁸,
2856 3521 2909 3569 et
2951 3513 3091 3569 sicut
3128 3529 3254 3568 vera
3298 3512 3432 3568 reli-

1842 3604 2006 3675 gione
2044 3603 2363 3666 monachus,
2396 3602 2468 3656 ita
2499 3602 2725 3657 sollicita
2755 3601 3164 3673 dispensatione
3192 3616 3436 3671 perman-

1842 3693 1910 3746 sit
1948 3690 2008 3719 ⁸⁷⁵
2038 3692 2329 3762 episcopus
2358 3690 2689 3748 venerabilis
2722 3691 2862 3746 Pibo
2893 3690 3123 3746 dilectus
3158 3688 3218 3718 ³⁷⁸
3249 3698 3299 3746 et
3317 3690 3434 3745 Deo

1839 3788 1891 3835 et
1918 3780 2247 3835 hominibus.

1915 3869 2002 3923 50.
2029 3867 2284 3923 Necillud
2304 3867 2521 3923 silentio
2541 3866 2995 3938 przetereumdum
3020 3863 3083 3896 ⁸⁷⁷
3098 3865 3429 3933 censuimus,

1845 3957 1990 4028 quod
2021 3972 2166 4027 saepe
2196 3956 2373 4010 dictus
2415 3964 2589 4027 pater,
2641 3955 2897 4027 quamdiu
2944 3962 3230 4026 superstes
3273 3954 3432 4023 foret,

1846 4061 1943 4115 pro
1972 4043 2401 4100 consecrationis
2432 4060 2543 4099 sum
2573 4043 2680 4112 die,
2714 4044 2811 4099 sed
2842 4058 2947 4099 nec
2976 4044 3154 4097 minus
3174 4051 3298 4113 post
3315 4042 3438 4098 vitae

1846 4142 2134 4213 praasentis
2191 4150 2411 4207 metam,
2474 4157 2570 4209 pro
2627 4140 2987 4211 depositionis
3043 4139 3266 4203 annuali
3315 4140 3439 4195 luce

1846 4231 2138 4287 celebriter
2167 4230 2523 4284 memoranda
2545 4226 2607 4256 ³⁷⁸
2622 4229 2910 4286 ecclesiam
2943 4229 3010 4283 de
3042 4230 3151 4284 Bue
3181 4228 3438 4283 fratribus

1848 4322 1959 4375 suis
1990 4319 2299 4375 contulerit.
2331 4318 2526 4373 Tribus
2569 4318 2820 4390 similiter
2874 4318 3132 4373 altaribus
3184 4317 3240 4372 in
3286 4327 3437 4373 turre

1846 4406 1908 4436 ⁸⁷³
1949 4407 2286 4464 consecratis
2317 4407 2458 4462 idem
2485 4406 2911 4478 benignissimus
2931 4414 3080 4477 pater
3098 4406 3167 4461 de
3199 4405 3439 4477 propriis

1848 4496 2172 4558 redditibus,
2207 4495 2459 4550 videlicet
2475 4496 2542 4550 de
2560 4496 2831 4564 theloneo,
2850 4498 2916 4549 30
2932 4495 3138 4551 solidos
3157 4510 3224 4550 eo
3251 4503 3441 4551 tenore

145 4584 439 4640 uberrimis
466 4584 733 4640 imbribus
754 4585 1013 4656 profusis,
1035 4587 1377 4642 orationibus
1417 4587 1738 4642 diutissimis
1768 4596 1821 4655 D
1852 4584 2141 4649 concessit,
2163 4584 2307 4655 quod
2332 4582 2394 4610 "°
2414 4583 2646 4656 singulis
2668 4584 2823 4637 annis
2836 4598 2934 4653 pro
2956 4583 3313 4640 dedicationis
3343 4599 3439 4640 ce-

143 4672 541 4741 incumbendo,
576 4689 678 4745 pro
725 4675 1010 4729 animabus
1065 4676 1228 4730 etiam
1276 4676 1381 4731 sibi
1429 4676 1773 4738 commissis,

144 4761 438 4817 Dominum
468 4762 752 4818 exorabat.
791 4763 929 4818 Inibi
960 4764 1183 4833 supplex
1234 4764 1530 4835 episcopus
1578 4764 1742 4821 sociis

144 4850 492 4906 audientibus
520 4851 759 4919 devovit,
795 4853 840 4906 si
870 4852 1091 4924 quando
1136 4853 1282 4907 Deus
1341 4854 1639 4924 repatriarc
1682 4851 1743 4880 ⁸⁸⁸

147 4939 250 4995 sib.
278 4939 627 5007 concederet,
654 4939 783 4997 ilico
824 4956 1084 4996 monacus
1134 4940 1294 4997 ﬁeret
1354 4942 1746 4998 Constantino-

1851 4674 2103 4729 lebritate
2133 4689 2203 4727 ex
2236 4672 2322 4727 his
2353 4676 2417 4727 10
2447 4671 2607 4726 solidi
2638 4670 2894 4727 fratribus
2923 4671 3281 4738 deservirem,
3304 4671 3443 4727 alios

1853 4772 2029 4818 autem
2065 4767 2128 4816 20
2163 4761 2373 4817 solidos
2404 4760 2631 4831 quilibet
2660 4758 2831 4814 frater
2861 4760 3107 4826 haberet,
3167 4761 3257 4831 qui
3311 4760 3443 4815 inibi

1854 4851 2047 4906 sedulo
2087 4849 2355 4911 serviens,
2386 4857 2716 4904 nocturnum
2746 4847 2929 4901 lumen
2961 4862 3086 4902 cum
3116 4846 3277 4902 lineis
3303 4848 3447 4903 vela-

1854 4940 2051 4994 mentis
2082 4938 2347 4994 altaribus
2377 4953 2598 5008 semper
2627 4935 3003 4991 subministret
3036 4954 3049 5000 ;
3083 4946 3134 4991 et
3162 4934 3231 4990 ad
3262 4952 3447 5007 supra-

1439 5139 1665 5196 VARLE
1704 5134 2094 5193 LECTIONES
2107 5175 2119 5187 .

765 5261 827 5291 ³⁵⁵
876 5262 1063 5334 templi
1119 5267 1170 5319 3.
1285 5261 1609 5334 "ﬂinquam
1666 5267 1718 5319 3.
1812 5257 2276 5334 ""__rememorari
2319 5263 2340 5313 1
2380 5259 2407 5313 ?
2497 5257 2739 5334 “(iaceat
2784 5260 2833 5313 1.
2868 5330 2885 5334 Α
2928 5254 2987 5283 ⁸⁸³
3016 5255 3430 5334 desudando_3:

788 5334 851 5364 ³⁸¹
908 5325 1154 5391 tellensis
1181 5337 1236 5389 1.
1336 5331 1400 5361 ³⁸⁸
1430 5325 1699 5390 bertlieim
1730 5337 1787 5389 3.
1888 5330 1950 5359 ³⁸³
1982 5346 2329 5402 nequaquam
2365 5335 2424 5384 3.
2520 5328 2583 5402 7'“
2604 5344 2833 5402 omnem
2862 5330 2924 5402 3_._
3018 5325 3080 5356 ⁸⁸⁸
3124 5334 3325 5381 tantum
3349 5328 3375 5381 1
3410 5329 3440 5382 ?

822 5405 884 5435 ⁸⁸⁷
930 5404 1217 5480 dominicae
1245 5436 1313 5446 -—
1343 5405 1449 5480 sibi
1477 5404 1786 5480 commissis
1814 5404 2021 5480 desunt
2060 5396 2116 5457 3.
2185 5396 2280 5428 ’⁸⁸⁸
2323 5400 2616 5480 repeti-iuri
2663 5400 2746 5454 1?
2833 5396 2927 5480 .A”_'
2979 5412 3323 5480 m_.nquoque
3371 5403 3430 5457 3.

1154 5494 1212 5546 p.
1265 5491 1320 5530 a.
1357 5479 1414 5531 3.
1509 5474 1570 5504 ⁸⁷⁸
1601 5476 1672 5530 ad
1705 5479 1756 5546 1.
1840 5472 1901 5503 ³⁷⁶
1931 5475 2289 5546 obsecunctur
2320 5466 2412 5546 1.;
2462 5470 2523 5499 ³⁷⁸
2566 5469 2869 5546 permanxit
2900 5474 2983 5546 t._
3032 5466 3092 5498 ³⁷⁸
3122 5466 3176 5525 d.
3227 5466 3439 5541 episco-

1017 5544 1080 5575 ⁸⁷⁷
1108 5539 1535 5619 praeteriendum
1565 5550 1618 5602 3.
1694 5543 1754 5573 ³⁷⁸
1786 5544 2195 5602 rememoranda
2226 5546 2277 5599 3.
2353 5539 2414 5569 ³⁷³
2446 5539 2641 5597 ιαπεῚ.
2718 5540 2778 5569 ’⁸ο
2811 5556 2926 5613 quo
2955 5540 3013 5596 3.

1671 5691 1895 5749 ΝΟΤΛΕ.

142 5828 461 5898 portionem
477 5822 811 5898 appertqbat
825 5821 890 5898 ob_
925 5822 1305 5898 repercutiunt
1334 5819 1476 5876 dicti
1508 5820 1644 5890 festi
1671 5821 1728 5874 et

144 5892 316 5955 causa
342 5892 759 5968 fraternitatis,
791 5896 849 5949 et
872 5892 1083 5963 legebat
1111 5907 1259 5947 unus
1280 5893 1343 5946 in
1373 5907 1591 5947 mensa.

231 5265 292 5295 ’“
320 5264 576 5320 fabricari
608 5267 639 5318 3
653 5305 666 5317 .

147 5334 210 5365 "°
256 5335 563 5392 barrochiae
594 5336 617 5389 1
637 5377 650 5389 .

145 5404 209 5478 ⁸έ⁶
259 5408 648 5478 ptenitudinem
679 5406 712 5462 3
725 5447 739 5460 .

147 5477 210 5508 "'°
250 5473 403 5536 deest
436 5482 487 5532 1.
583 5474 650 5506 ⁸⁷³
678 5486 882 5532 tantum
914 5480 972 5533 3.
1066 5473 1132 5503 ³⁷³

146 5567 250 5622 pus
278 5560 331 5607 et
365 5552 382 5604 l
420 5552 448 5604 ‘?
476 5548 570 5605 ed.
609 5557 664 5606 et
695 5549 847 5606 deest
868 5549 921 5605 3.

1902 5818 2052 5890 (101)
2083 5817 2548 5889 Lucemburgensi
2563 5857 2579 5873 .
