3882 6424
96 452 250 506 477

1613 436 1920 496 STATUTA
1933 477 1944 488 .

3329 419 3432 475 ΠΒ

1201 601 3429 641 ______________________________._____

943 787 1376 892 SUAVII
1438 779 1977 887 ABBATIS
2078 769 2679 879 STATUTA

1129 1024 1344 1104 PRO
1419 1024 1503 1100 S.
1586 1018 1984 1096 SEVERl
2070 1013 2418 1089 VILLA.

1489 1219 1694 1300 (Circa
1735 1235 1834 1280 an.
1884 1213 2102 1295 1100.)

732 1408 1047 1486 [Mannum
1089 1406 1356 1468 Thesaur.
1399 1407 1603 1468 Anecd.
1639 1409 1690 1482 1,
1723 1409 1754 1464 Ξ.

1878 1420 1944 1460 ex
1974 1400 2245 1460 chartario
2276 1399 2507 1461 abbatiw
2537 1398 2606 1456 S.
2647 1395 2880 1471 Severi.]

209 1780 490 1852 Quoniam
523 1779 639 1836 dies
668 1779 901 1835 hominis
931 1779 1129 1834 breves
1159 1783 1304 1844 sunt,
1340 1783 1392 1832 et
1440 1774 1622 1830 labilis
1660 1783 1742 1831 est
1771 1776 1826 1837 Α
1854 1789 1983 1830 vero
2013 1773 2208 1829 vulnus
2236 1771 2536 1845 legitimum
2567 1769 2727 1827 fuerit
2757 1769 2812 1825 in
2851 1767 3234 1841 profunditate,
3266 1765 3353 1822 vel
3384 1765 3440 1821 in

116 1871 424 1926 memoria
453 1886 658 1938 eorum,
692 1869 816 1924 ideo
840 1885 961 1942 quae
990 1867 1134 1922 utilia
1165 1875 1310 1932 sunt,
1344 1875 1395 1921 et
1424 1881 1546 1920 esse
1580 1869 1742 1937 pote-

115 1967 298 2023 runt,
331 1959 526 2014 litteris
555 1958 808 2012 duximus
838 1973 962 2013 esse
992 1955 1401 2012 committenda.

207 2047 426 2104 Notum
456 2047 526 2101 sit
583 2046 752 2119 igitur
809 2046 1172 2117 praesentibus
1229 2052 1282 2100 et
1331 2041 1746 2100 successoribus

124 2135 305 2209 quod
335 2135 588 2200 Suavius,
625 2135 808 2190 Sancti
830 2135 1019 2190 Severi
1045 2134 1235 2200 abbas,
1267 2133 1571 2188 salvitatem
1589 2148 1746 2204 quam

119 2235 238 2290 SS.
281 2234 391 2289 dux
417 2233 718 2300 Vasconiae,
741 2237 797 2288 et
818 2234 1025 2290 Urraca
1046 2247 1182 2287 uxor
1217 2246 1336 2296 sua,
1382 2231 1438 2285 in
1480 2231 1748 2286 honorem

122 2323 340 2379 Sancti
373 2323 515 2377 Petri
545 2321 846 2392 Sanctique
877 2321 1063 2376 Severi
1093 2320 1502 2386 constituerant,
1547 2319 1616 2373 ad
1669 2318 1748 2373 in—

127 2411 410 2468 stantiam
441 2418 492 2466 et
523 2426 718 2481 preces
739 2411 1016 2465 hominum
1039 2408 1287 2478 ejusdem
1309 2408 1412 2463 loci
1439 2407 1682 2478 permisit
1698 2413 1750 2461 et.

126 2499 861 2571 sustinuitcircumquaque
885 2497 1073 2553 vallari
1105 2506 1158 2552 et
1187 2497 1406 2563 muniri,
1457 2505 1514 2551 ut
1554 2497 1623 2552 ab
1671 2497 1750 2551 in-

138 2612 328 2654 cursu
359 2603 414 2652 et
443 2595 780 2666 malignitate
809 2595 1089 2650 hominum
1121 2594 1320 2650 ibidem
1343 2593 1508 2648 tutius
1525 2601 1751 2664 possent

142 2700 522 2758 permanere.
564 2685 951 2739 Verumtamen
975 2691 1270 2756 antequam
1291 2699 1448 2738 suum
1465 2698 1750 2738 assensum

141 2775 221 2831 de
255 2774 520 2830 clausura
549 2773 692 2829 villa:
721 2772 799 2828 eis
828 2772 1173 2836 concederet,
1216 2772 1284 2826 de
1313 2772 1576 2839 moribus,
1611 2786 1749 2827 con-

139 2861 558 2926 suetudinibus,
592 2861 782 2926 lesdis,
817 2869 869 2915 et
885 2861 1130 2932 pedagiis
1149 2859 1353 2915 ibidem
1376 2859 1748 2931 percipiendis

143 2952 306 3007 inter
335 2967 395 3006 se
433 2958 824 3015 convenerunt,
883 2958 937 3005 et
992 2949 1146 3006 tactis
1202 2949 1563 3005 sacrosanctis
1619 2949 1747 3004 reli-

142 3039 327 3114 quiis,
353 3040 467 3109 jam
497 3038 624 3094 dicti
654 3037 902 3092 homines
933 3053 1034 3109 pro
1064 3054 1123 3093 se
1152 3037 1374 3109 suisque
1416 3037 1750 3093 successori-

1852 1871 2208 1944 longitudine,
2243 1886 2382 1925 xvnt
2421 1869 2626 1924 solidos
2681 1867 2964 1924 vulnerato
3013 1863 3334 1936 persolvat;
3393 1863 3440 1918 si

1853 1978 1963 2016 non
1991 1961 2290 2031 legitimum
2320 1959 2500 2025 fuerit,
2535 1957 2693 2014 faciat
2723 1956 2853 2012 laeso
2897 1955 3044 2027 quod
3089 1953 3254 2008 fuerit
3297 1952 3442 2021 judi-

1854 2060 2052 2109 catum.
2087 2051 2351 2105 Statutum
2382 2047 2496 2114 fuit,
2532 2047 2677 2118 quod
2707 2046 2752 2101 si
2790 2045 2927 2101 alter
2972 2044 3204 2100 alterum
3245 2041 3438 2097 verbe-

1853 2150 2083 2217 raverit,
2119 2166 2212 2205 sex
2241 2148 2447 2204 solidos
2475 2147 2654 2201 abbati
2687 2144 2983 2216 persolvat,
3017 2151 3071 2199 et
3099 2157 3202 2198 sex
3233 2141 3440 2197 verbe-

1855 2247 1990 2303 rato,
2023 2237 2126 2292 nisi
2154 2237 2271 2308 ipse
2297 2252 2420 2291 eum
2454 2232 2846 2305 repercusserit
2873 2247 2887 2302 ;
2921 2241 3048 2286 tunc
3080 2239 3314 2300 uterque
3341 2229 3442 2283 ab—

1856 2327 1966 2382 bati
1997 2343 2090 2382 sex
2121 2326 2326 2381 solidos
2357 2324 2650 2395 persolvat.
2685 2323 2953 2378 Statutum
2975 2321 3132 2376 etiam
3156 2318 3272 2384 fuit,
3297 2315 3444 2388 quod

1857 2417 1901 2472 si
1931 2415 2123 2487 aliquis
2153 2415 2374 2469 domum
2410 2412 2574 2468 vicini
2636 2411 2718 2466 sui
2776 2409 3057 2475 invaserit,
3086 2425 3180 2463 sex
3237 2406 3442 2462 solidos

1857 2505 2036 2560 abbati
2063 2504 2356 2575 persolvat,
2391 2509 2445 2558 et
2471 2503 2690 2557 domino
2720 2500 2917 2555 domus
2939 2498 3205 2554 similiter.
3237 2496 3293 2551 Si
3323 2494 3444 2566 quis

1857 2603 2152 2666 hominem,
2190 2601 2311 2656 sine
2332 2600 2573 2667 licentia,
2608 2599 2692 2654 vel
2742 2606 3017 2668 prmcepto
3065 2594 3299 2658 abbatis,
3353 2595 3444 2648 in-

1860 2700 1941 2746 tra
1971 2691 2156 2746 villam
2187 2689 2408 2760 ceperit,
2445 2688 2554 2743 nisi
2586 2686 2832 2752 iurando,
2863 2685 2949 2740 vel
2966 2700 3088 2741 cum
3110 2685 3247 2739 furto
3268 2683 3445 2753 ipsum

1858 2779 2144 2847 invenerit,
2175 2795 2240 2834 cr.
2269 2779 2475 2834 solidos
2505 2793 2605 2849 pro
2635 2775 2920 2830 invasione
2947 2773 3088 2830 villa:
3118 2771 3298 2828 abbati
3316 2787 3446 2842 per-

1856 2878 2051 2944 solvat,
2080 2881 2134 2933 et
2163 2885 2382 2947 captum
2410 2875 2596 2931 abbati
2624 2873 2838 2929 reddat.
2871 2873 3029 2936 Item,
3062 2872 3108 2926 si
3139 2871 3262 2942 quis
3306 2870 3444 2923 ban—

1857 2983 2005 3031 num,
2040 2965 2124 3021 vel
2153 2965 2390 3037 sigillum
2420 2963 2652 3030 abbatis,
2685 2979 2716 3016 a
2747 2977 3089 3034 quocumque
3119 2959 3315 3016 factum
3363 2957 3450 3013 vel

1858 3055 2240 3127 interpositum
2277 3053 2578 3126 infregerit,
2603 3067 2696 3107 sex
2715 3051 2918 3107 solidos
2936 3049 3119 3105 abbati
3149 3047 3446 3119 persolvat.

140 3129 261 3184 bus
288 3127 653 3201 jurejurando
684 3125 1053 3192 ﬁrmaverunt'
1086 3133 1144 3181 ω
1187 3127 1340 3198 (1⁸οά
1383 3126 1750 3182 consmuere'
1778 3139 1832 3199 Β
1861 3125 2138 3218 Similiter,
2173 3150 2623 3223 quotiescumque
2651 3162 2850 3218 praeco,
2883 3147 2966 3202 vel
2985 3143 3447 3212 nuntiusabbatis,

142 3235 262 3292 tur,
297 3223 684 3280 inviolabiliter
713 3224 1124 3279 observaretur.
1159 3223 1336 3279 Simili
1364 3224 1526 3280 modo
1556 3224 1754 3296 praefa-

145 3323 244 3370 tus
276 3313 453 3369 abbas
483 3313 678 3368 eadem
719 3312 1066 3369 observanda
1122 3313 1180 3367 in
1237 3321 1560 3384 perpetuum
1608 3311 1754 3368 afﬁr-

150 3403 356 3458 mavit.

232 3495 292 3545 1.
326 3491 564 3545 Primum
595 3489 758 3561 igitur
786 3497 1042 3546 statutum
1076 3491 1197 3557 fuit,
1232 3491 1380 3563 quod
1411 3490 1582 3546 abbas
1606 3506 1755 3546 sem-

155 3603 262 3658 per
291 3595 482 3658 portas
514 3586 658 3642 villae
680 3587 959 3643 clauderet
989 3598 1038 3642 et
1070 3589 1322 3655 muniret,
1359 3597 1409 3643 et
1441 3593 1495 3642 in
1525 3587 1754 3653 eisdem,

153 3677 377 3730 ratione
399 3674 624 3729 dominii
647 3680 700 3730 et
725 3685 1002 3744 portarum
1025 3678 1314 3738 clausurze,
1342 3678 1410 3732 ab
1429 3677 1756 3732 intrantibus

158 3774 215 3821 et
245 3764 568 3820 exeuntibus
613 3764 846 3836 pedagia
897 3766 1224 3834 perciperet.
1275 3767 1588 3838 Burgenses
1626 3781 1758 3821 vero

156 3852 426 3922 reliquam
449 3853 767 3906 clausuram
819 3851 981 3913 villae,
1007 3853 1230 3908 arbitrio
1260 3852 1493 3916 abbatis,
1541 3868 1762 3922 semper

163 3939 492 3996 clauderent
521 3945 574 3993 et
609 3940 903 3995 munirent.
927 3940 1369 3995 Similiterabbas
1391 3941 1529 3996 duas
1552 3941 1761 4012 plateas

159 4029 311 4084 circa
342 4032 761 4092 monasterium,
799 4045 961 4084 causa
994 4030 1262 4100 spatiandi
1293 4038 1346 4085 et
1395 4030 1588 4084 domos
1624 4029 1761 4084 redi-

161 4126 381 4192 iicandi,
415 4127 518 4181 sibi
547 4136 600 4182 et
629 4127 762 4193 suis,
796 4127 968 4183 libere
999 4137 1052 4184 et
1079 4129 1288 4200 absque
1336 4129 1444 4183 ulla
1480 4129 1762 4194 servitute,

162 4215 416 4282 retinuit;
451 4231 616 4270 unam
646 4216 716 4270 ab
746 4216 994 4272 arenario
1028 4234 1201 4288 usque
1241 4217 1310 4271 ab
1363 4217 1635 4280 vallatum,
1684 4203 1762 4271 di-

163 4313 318 4360 recte
345 4305 412 4358 ab
443 4304 568 4358 inde
590 4321 762 4376 usque
797 4305 866 4360 ad
897 4303 1110 4371 Galam,
1144 4305 1368 4361 alteram
1399 4321 1432 4360 a
1473 4305 1762 4362 refectorio

165 4409 340 4464 usque
371 4392 440 4447 ad
487 4394 633 4447 viam
680 4410 800 4464 quae
842 4395 986 4448 vadit
1025 4395 1094 4449 ad
1138 4395 1423 4450 Pontillum
1459 4413 1472 4458 ;
1517 4395 1762 4466 qutedam

166 4481 336 4535 etiam
369 4480 477 4535 alia
508 4481 705 4552 spatia,
749 4490 805 4536 ut
863 4482 938 4536 ibi
994 4483 1186 4538 domos
1242 4483 1595 4546 aediﬁcarent,
1647 4483 1760 4550 jam
1792 4494 1840 4558 ρ

167 4577 530 4632 concesserat.
559 4579 607 4625 et
641 4579 764 4626 tunc
791 4571 1066 4626 concessit
1098 4571 1267 4626 libere
1297 4571 1557 4642 episcOpo
1601 4571 1754 4626 Adu-

166 4667 331 4733 rensi,
363 4675 416 4722 et
446 4667 768 4738 quibusdam
802 4666 921 4720 aliis
947 4667 1236 4722 militibus.

237 4758 291 4810 2.
325 4755 552 4824 Insuper
581 4754 880 4808 institutum
916 4754 1030 4822 fuit,
1074 4756 1218 4826 quod
1268 4755 1313 4810 si
1355 4756 1476 4828 quis
1525 4757 1759 4812 vicinum

170 4857 324 4896 suum
354 4842 705 4910 interficeret,
737 4842 1072 4908 interfector,
1116 4853 1167 4898 et
1215 4861 1326 4899 sum
1369 4861 1456 4900 res
1499 4845 1552 4899 in
1601 4853 1758 4916 pote-

173 4939 308 4986 state
337 4931 549 4985 abbatis
581 4939 786 4986 essent.
841 4931 1112 4987 Similiter
1169 4932 1212 4986 si
1271 4941 1586 4988 extraneum
1642 4934 1761 5006 quis

174 5018 307 5073 infra
335 5019 594 5074 ambitum
627 5019 768 5075 villa:
787 5020 1081 5085 occideret,
1115 5020 1278 5074 simili
1327 5037 1487 5091 pmna
1527 5021 1761 5076 damna-

175 5114 340 5173 retur,
375 5107 484 5163 nisi
515 5115 794 5162 constaret
821 5125 942 5162 cum
974 5108 1206 5180 aliquem
1256 5109 1324 5163 de
1371 5109 1495 5164 villa
1535 5110 1762 5165 interfe-

180 5195 336 5263 cisse,
365 5197 451 5252 vel
507 5197 578 5250 ad
627 5197 1063 5267 redemptionem
1121 5199 1392 5270 coegisse.
1451 5199 1496 5252 E
1553 5197 1762 5254 furibus

179 5291 348 5359 etiam,
390 5301 443 5348 et
470 5289 552 5347 eis
581 5293 1078 5353 consentientibus,
1135 5294 1324 5348 eadem
1359 5310 1525 5364 pmna
1582 5304 1638 5349 ut
1695 5295 1764 5349 de

179 5379 461 5438 homicidio
493 5387 764 5440 servetur.
799 5382 855 5437 Si
885 5382 1008 5454 quis
1037 5398 1172 5438 vero
1216 5398 1280 5438 ex
1341 5383 1620 5453 superbia,
1675 5382 1764 5438 vel

184 5483 245 5524 ex
275 5469 644 5544 indignatione
673 5479 872 5538 motus,
931 5479 1124 5526 contra
1180 5471 1415 5543 aliquem
1473 5480 1623 5526 extra
1661 5472 1764 5527 do-

183 5573 321 5614 mum
339 5575 492 5615 suam
521 5575 677 5616 arma
709 5559 998 5616 extraxerit
1019 5575 1112 5616 sex
1143 5559 1347 5617 solidos
1399 5560 1578 5615 abbati
1631 5576 1766 5634 per-

185 5646 366 5704 solvat.

251 5747 300 5800 3.
337 5746 393 5803 Si
424 5761 558 5802 vero
588 5745 826 5817 aliquem
857 5745 1247 5815 vulneraverit,
1282 5761 1385 5818 pro
1415 5745 1639 5802 vulnere
1689 5745 1765 5800 si-

1859 3241 2065 3314 aliquid
2124 3239 2458 3312 praeceperit,
2517 3237 2603 3293 vel
2657 3235 3009 3302 interdixerit,
3070 3234 3139 3289 ab
3190 3233 3450 3290 omnibus

1863 3331 2188 3387 observetur
2218 3347 2232 3395 ;
2265 3329 2359 3401 qui
2385 3343 2495 3384 non
2523 3324 2912 3392 observaverit,
2963 3323 3201 3395 quinque
3240 3320 3449 3378 solidos

1863 3427 2044 3484 abbati
2076 3425 2380 3497 persolvat.

1942 3554 1992 3606 ι.
2018 3554 2082 3608 Et
2114 3552 2216 3607 hoc
2247 3557 2506 3604 statutum
2536 3547 2654 3611 fuit,
2716 3546 2858 3616 quod
2918 3544 2963 3599 si
3019 3544 3188 3599 abbas
3244 3541 3452 3598 miserit

1865 3657 1964 3714 pro
1993 3641 2174 3712 aliquo
2206 3639 2274 3694 de
2305 3639 2426 3693 suis
2464 3636 2853 3709 burgensibus,
2886 3642 2943 3688 ut
2969 3633 3035 3687 ad
3075 3649 3195 3688 eum
3246 3631 3450 3694 veniat,

1866 3731 1983 3786 sine
2012 3745 2164 3784 mora
2186 3728 2252 3783 ad
2284 3744 2406 3782 eum
2442 3726 2644 3790 veniat,
2680 3725 2725 3779 si
2754 3740 2886 3779 vero
2927 3721 3131 3792 aliquid
3173 3719 3455 3791 incoeperit

1867 3834 2156 3900 antequam
2201 3826 2270 3880 ad
2326 3841 2446 3880 eum
2501 3823 2700 3890 veniat,
2763 3838 2857 3876 sex
2914 3820 3118 3876 solidos
3174 3817 3454 3890 persolvat

1867 3917 2071 3981 abbati,
2107 3915 2210 3968 nisi
2237 3915 2348 3982 jam
2380 3927 2570 3968 mensa
2590 3911 2658 3966 ad
2675 3910 3070 3966 comedendum
3093 3907 3161 3961 sit
3183 3907 3231 3962 ei
3259 3906 3452 3976 posita,

1868 4005 1953 4061 vel
1982 4004 2085 4058 nisi
2112 4011 2276 4074 caput
2303 4018 2458 4056 suum
2486 4003 2596 4069 jam
2627 3999 2909 4068 incmpcrit
2929 3997 3174 4059 abluere,
3209 3995 3300 4049 vel
3347 3993 3450 4048 nisi

1868 4109 2076 4166 pannos
2105 4092 2356 4163 proprios
2383 4090 2650 4157 inciderit,
2685 4087 2769 4143 vel
2798 4087 2902 4142 nisi
2932 4086 3113 4156 aliqua
3143 4082 3450 4138 infirmitate

1869 4184 1937 4236 sit
1965 4190 2240 4253 gravatus,
2272 4180 2341 4234 ita
2371 4179 2516 4250 quod
2556 4181 2625 4233 ad
2673 4193 2796 4232 eum
2857 4175 3052 4231 venire
3105 4189 3214 4228 non
3263 4171 3454 4242 possit,

1875 4271 1956 4326 vel
1979 4269 2080 4324 nisi
2109 4269 2305 4340 aliquis
2335 4275 2580 4323 mortuus
2631 4265 2794 4320 fuerit
2847 4264 2900 4318 in
2957 4263 3122 4318 domo
3180 4277 3302 4316 sua.
3362 4259 3457 4313 His

1872 4359 2126 4431 peractis,
2161 4359 2228 4412 ad
2260 4373 2383 4412 eum
2415 4356 2592 4410 statim
2622 4353 2806 4410 venire
2859 4367 2967 4407 non
3024 4349 3258 4406 diﬂ’erat.
3321 4349 3456 4402 item

1872 4465 2120 4511 statutum
2156 4455 2250 4508 fuit
2282 4453 2425 4524 quod
2455 4453 2500 4506 si
2532 4452 2724 4518 abbas,
2758 4449 2841 4505 vel
2874 4449 2976 4514 sui,
3011 4448 3256 4518 injuriam
3314 4443 3459 4516 passi

1869 4545 2068 4600 fuerint
2095 4545 2162 4597 ab
2190 4543 2390 4614 aliquo,
2425 4549 2475 4596 et
2504 4541 2782 4608 injuriator
2806 4537 3012 4607 judicio
3033 4545 3176 4591 stare
3200 4534 3456 4599 noluerit,

1876 4643 1928 4690 et
1951 4634 2122 4688 abbas
2149 4640 2373 4704 propter
2410 4630 2658 4698 injuriam
2714 4627 2816 4682 sibi
2873 4627 3080 4680 illatam
3137 4623 3456 4680 caballicare

1869 4740 2036 4794 super
2064 4738 2186 4777 eum
2219 4720 2467 4784 voluerit,
2501 4718 2582 4773 vel
2612 4724 2797 4774 contra
2819 4731 2941 4771 eum
2973 4713 3284 4769 exercitum
3330 4726 3456 4766 mo—

1868 4837 2014 4885 vere,
2049 4822 2350 4892 burgenses
2379 4817 2448 4872 de
2488 4821 2766 4888 praecepto
2812 4812 3042 4878 abbatis,
3091 4826 3258 4880 super
3313 4810 3458 4878 inju-

1870 4911 2071 4965 riantes
2100 4910 2276 4979 ipsum
2308 4914 2651 4978 sequantur;
2692 4912 2744 4958 et
2791 4903 2836 4958 si
2896 4901 3014 4974 quis
3071 4900 3189 4954 sine
3246 4898 3461 4954 licentia

1871 5009 2105 5069 abbatis,
2137 5023 2165 5061 a
2196 5004 2608 5063 cavallicatione
2640 5001 2898 5066 abfuerit,
2930 5017 3024 5055 sex
3050 4997 3258 5054 solidos
3278 4995 3461 5050 abbati

1869 5097 2189 5168 persolvat;
2223 5095 2366 5149 side
2414 5093 2650 5148 exercitu
2709 5090 3048 5154 remanserit,
3109 5103 3202 5141 sex
3260 5084 3463 5140 solidos

1872 5185 2056 5239 abbati
2085 5183 2376 5254 persolvat,
2410 5190 2464 5236 et
2494 5183 2748 5236 damnum
2808 5178 2952 5250 quod
2990 5184 3218 5248 propter
3266 5173 3463 5230 absen-

1874 5274 1995 5328 tiam
2028 5273 2143 5341 ejus
2180 5271 2452 5338 babucrit,
2484 5270 2664 5325 abbati
2697 5269 2964 5324 restituat.

1939 5392 2000 5444 5.
2037 5389 2308 5444 Praeterea
2336 5404 2458 5444 cum
2490 5403 2686 5461 magna
2715 5383 3132 5448 deliberatione,
3176 5389 3227 5438 et
3256 5381 3465 5452 pluries

1873 5477 2136 5549 requisito
2167 5476 2412 5545 consilio,
2446 5483 2746 5532 mercatum
2787 5473 2932 5545 quod
2989 5472 3188 5528 dicitur
3240 5473 3463 5539 Lubere,

1875 5573 2200 5632 statuerunt,
2234 5565 2379 5636 quod
2411 5565 2658 5637 quisquis
2685 5563 2755 5619 ad
2785 5562 2919 5617 illud
2950 5568 3249 5618 mercatum
3309 5576 3467 5616 vene-

1875 5655 1964 5722 rit,
1999 5671 2210 5720 secure,
2261 5662 2314 5710 et
2366 5654 2576 5725 absque
2631 5653 2743 5708 ullo
2791 5651 3180 5721 impedimento
3236 5649 3464 5716 veniret,

1875 5751 1981 5808 nisi
2024 5751 2239 5806 debitor
2295 5757 2466 5815 esset,
2528 5749 2609 5805 vel
2669 5748 2981 5818 fidejussor,
3042 5747 3128 5802 vel
3168 5745 3461 5802 homicida.

188 5833 374 5891 militer
397 5851 491 5890 sex
523 5835 728 5890 solidos
758 5834 1036 5905 persolvat
1063 5835 1284 5899 abbati;
1321 5843 1372 5891 et
1400 5851 1498 5903 pro
1527 5834 1762 5906 qualibet
1792 5850 1844 5910 D
1877 5841 2147 5897 Statutum
2179 5839 2342 5895 etiam
2397 5837 2515 5904 fuit,
2550 5837 2693 5909 quod
2725 5837 2771 5890 si
2823 5836 2944 5906 quis
2995 5843 3152 5890 extra
3203 5835 3466 5891 terminos

190 5930 353 6000 specie
381 5945 678 5999 armorum,
711 5945 806 5986 sex
844 5929 1049 5986 solidos
1106 5930 1384 6001 persolvat
1436 5930 1634 5987 abbati.
1697 5930 1753 5986 Si

1863 5928 2094 5987 mercati
2123 5927 2332 6000 aliquid
2363 5926 2573 5997 emerit,
2605 5924 2694 5982 vel
2725 5923 3048 5990 vendiderit,
3083 5931 3137 5979 et
3166 5930 3314 5979 extra
3344 5931 3461 5977 ter-
