3882 6394
429 369 533 427 479

1420 373 1646 430 SUAVII
1687 378 1971 434 ABBATIS
2012 379 2074 436 S.
2123 381 2369 435 SEVERI
2411 381 2736 440 STATUTA.

3643 390 3754 445 L80

421 493 602 552 minos
627 495 745 566 ejus
776 495 1000 555 retineri
1028 499 1350 570 possit,rem
1378 507 1612 572 empta'n
1639 501 1723 556 vel
1741 501 2016 562 venditam
2045 505 2099 564 A
2130 505 2420 572 vendendi,
2455 506 2510 561 in
2539 509 2886 579 animalibus,
2938 516 3025 568 vel
3081 511 3139 566 in
3198 510 3462 582 plaustris
3516 511 3754 586 aliquid

424 593 612 641 custos
639 587 862 642 mercati
891 588 994 642 sibi
1025 589 1281 643 retineat.

501 685 553 735 6.
589 683 873 751 Praeterea,
902 684 947 738 si
977 686 1115 739 alter
1142 685 1294 740 alteri
1345 686 1396 740 in
1456 695 1700 743 mercato
1759 688 2020 757 injuriam

429 768 638 836 fecerit,
670 771 852 826 abbati
883 773 965 827 vel
996 774 1183 830 nuntio
1230 789 1330 828 suo
1373 775 1563 846 viginti
1611 777 1864 833 denarios
1904 794 2022 846 per-

429 856 628 926 solvat,
661 867 713 914 et
743 860 997 928 injuriato
1045 862 1290 932 legitime
1348 864 1664 919 satisfaciat.
1725 867 2019 921 Mercatum

429 963 482 1010 et
509 955 634 1026 ejus
663 957 926 1012 securitas
948 960 1102 1014 durat
1133 977 1162 1014 a
1204 961 1292 1015 die
1348 961 1503 1016 Jovis
1552 971 1673 1033 post
1735 964 2020 1019 meridiem

428 1059 606 1116 usque
635 1045 702 1099 ad
727 1047 1281 1114 Dominicam,donec
1317 1049 1490 1120 prima
1517 1051 1850 1106 celebretur.
1897 1051 2022 1106 Sta-

430 1140 602 1187 tutum
630 1135 794 1190 etiam
827 1137 922 1190 fuit
943 1138 1110 1208 quod,
1130 1139 1174 1192 si
1197 1137 1322 1209 quis
1344 1148 1499 1194 extra
1515 1139 1696 1194 villam
1745 1149 2016 1212 pergeret,

430 1239 482 1286 et
509 1230 564 1284 in
595 1231 682 1286 via
710 1231 948 1305 aliquam
979 1244 1342 1291 mercaturam
1373 1237 1683 1292 venientem
1714 1237 1786 1292 ad
1835 1237 2020 1293 villam

428 1329 653 1387 emeret,
685 1336 719 1376 a
777 1323 1061 1379 venditare
1121 1325 1330 1380 lesdam
1387 1325 1670 1396 reciperet,
1729 1331 1782 1381 et
1839 1326 2021 1381 abbati

426 1411 784 1479 persolveret,
821 1411 903 1466 vel
926 1411 995 1466 de
1025 1429 1126 1468 suo
1155 1413 1337 1468 daret.

497 1498 551 1551 7.
583 1497 847 1554 Similiter
875 1509 1131 1557 statutum
1163 1501 1259 1557 fuit
1289 1503 1454 1574 quod,
1489 1503 1535 1558 si
1565 1504 1687 1576 quis
1715 1504 1783 1558 ad
1827 1503 2020 1560 domos

427 1585 754 1643 rusticorum
792 1596 942 1644 extra
980 1590 1164 1644 villam
1190 1592 1516 1662 perrexerit,
1548 1601 1601 1646 et
1629 1593 1698 1646 ab
1727 1593 1805 1648 eis
1839 1593 2020 1648 vinum

424 1674 509 1731 vel
537 1677 845 1747 pomacium
877 1679 1088 1747 emerit,
1121 1685 1175 1736 et
1208 1697 1306 1750 per
1337 1697 1416 1749 se,
1456 1681 1568 1736 vel
1600 1698 1702 1752 per
1755 1681 1916 1736 alium
1965 1681 2020 1736 in

422 1763 669 1834 periculo
707 1782 806 1821 suo
862 1767 953 1822 illa
1009 1769 1077 1823 ad
1137 1767 1322 1824 villam
1369 1771 1637 1836 attulerit,
1697 1787 2019 1842 quocunque

2129 595 2516 663 abstraxerint,
2549 597 2604 651 in
2635 597 2779 652 exitu
2810 607 3086 670 portarum
3115 599 3352 656 lemnam
3391 601 3748 672 persolvant.

2130 687 2282 741 Idem
2310 685 2544 739 dicimus
2573 685 2643 741 de
2699 687 2948 756 corariis,
3008 688 3154 760 quod
3208 688 3438 744 lemnam
3485 690 3753 746 debeant

2128 783 2280 840 dare.

2205 877 2288 926 13.
2319 873 2396 926 De
2427 871 2792 943 burgensibus
2820 872 2963 928 villae
3019 881 3275 928 statutum
3331 882 3414 928 est
3469 875 3633 946 quod
3687 875 3749 931 in

2129 961 2274 1018 exitu
2303 977 2413 1014 non
2439 961 2677 1016 debeant
2704 960 2839 1016 dare
2871 961 3104 1030 lemnan,
3139 961 3242 1016 nisi
3272 961 3340 1017 de
3371 961 3544 1032 ferro,
3594 964 3741 1032 sale,

2129 1059 2183 1106 et
2212 1049 2477 1120 piscibus.
2515 1049 2899 1105 Verumtamen
2949 1050 3188 1121 quandiu
3240 1051 3495 1107 nundinae
3559 1051 3744 1106 dura-

2130 1139 2326 1202 verint,
2353 1137 2471 1208 jam
2499 1137 2630 1193 dicti
2659 1138 2986 1211 bnrgenses,
3036 1138 3175 1195 sicut
3213 1139 3400 1195 caeteri
3438 1140 3736 1208 homines,

2130 1227 2367 1282 lemnam
2395 1225 2729 1296 persolvant.

2201 1315 2290 1370 14.
2323 1315 2592 1370 Statutum
2648 1315 2808 1370 etiam
2860 1315 2976 1382 fuit,
3047 1315 3191 1388 quod
3243 1315 3292 1371 si
3345 1316 3464 1389 quis
3524 1316 3738 1374 falsam

2131 1419 2442 1458 mensuram
2475 1403 2544 1458 de
2598 1419 2940 1476 quacumque
2999 1419 3080 1467 re,
3137 1405 3206 1459 ad
3261 1407 3578 1470 emendum,
3641 1407 3739 1462 vel

2130 1493 2496 1560 vendendum,
2529 1492 2802 1559 habuerit,
2845 1493 2963 1549 sine
3021 1493 3397 1550 misericordia
3441 1496 3737 1566 persolvat

2129 1591 2316 1646 abbati
2348 1606 2441 1646 sex
2466 1589 2673 1645 solidos
2707 1608 2720 1654 ;
2751 1589 2798 1644 si
2827 1606 2954 1646 vero
2982 1591 3050 1646 de
3078 1607 3336 1646 mensura
3375 1591 3507 1648 falsa
3555 1593 3732 1649 vicini

2131 1679 2419 1750 conquesti
2454 1677 2675 1745 fuerint,
2705 1694 2804 1749 pro
2833 1695 3155 1752 unoquoque
3201 1689 3576 1752 conquerente
3633 1683 3732 1736 ab-

2129 1769 2229 1824 bas
2259 1784 2354 1822 sex
2381 1767 2585 1823 solidos
2615 1767 2832 1834 habeat,
2865 1776 2918 1823 et
2946 1768 3402 1840 conquerentibus
3459 1768 3731 1826 falsarius

424 1866 672 1932 tempore
717 1863 814 1919 illa
868 1865 1086 1933 vendat,
1120 1866 1262 1922 liber
1312 1867 1414 1923 erit
1459 1883 1486 1922 a
1545 1867 1720 1924 lesda.
1755 1869 2009 1924 Eamdem

2137 1858 2390 1912 damnum
2423 1856 2686 1911 restituat.

423 1947 735 2006 libertatem
765 1953 948 2022 habet,
995 1956 1044 2010 si
1082 1955 1271 2022 boves,
1324 1971 1538 2025 vaccas,
1592 1973 1746 2020 oves,
1799 1973 2016 2029 capras,

420 2053 622 2109 porcos
650 2041 982 2110 vendiderit,
1015 2044 1120 2098 nisi
1151 2050 1364 2100 tantum
1424 2061 1491 2101 ea
1541 2047 1596 2100 in
1651 2046 1885 2102 macello
1931 2045 2018 2102 vel

421 2145 662 2193 mercato
693 2146 896 2196 statuto
931 2142 1256 2197 vendiderit.
1309 2143 1365 2198 Si
1395 2159 1522 2199 vero
1577 2160 1870 2209 annonam,
1934 2144 2018 2200 vel

423 2224 572 2279 aliud
595 2227 809 2294 emerit,
842 2235 900 2283 et
929 2229 1069 2284 intra
1113 2248 1356 2286 mensem
1402 2239 1454 2288 et
1501 2233 1645 2288 diem
1695 2233 1899 2304 aliquid
1947 2233 2016 2289 de

419 2311 516 2368 illa
543 2325 862 2372 mercatura
910 2318 1235 2386 vendiderit,
1282 2321 1491 2377 lesdam
1539 2337 1640 2392 pro
1687 2327 1802 2376 toto
1847 2322 2014 2376 dabit.

421 2411 681 2467 Extranei
712 2429 860 2479 vero,
893 2416 938 2469 si
965 2416 1168 2488 aliquid
1200 2419 1392 2474 venale
1421 2419 1489 2472 ad
1514 2418 1698 2474 villam
1716 2418 2012 2487 attulerint,

425 2497 540 2554 sive
577 2499 632 2554 in
687 2503 962 2572 praesenti,
1023 2505 1136 2560 sive
1194 2507 1248 2560 in
1305 2506 1501 2574 futuro,
1559 2506 1903 2562 vendiderint
1961 2507 2016 2561 in

424 2585 649 2642 introitu
681 2599 976 2661 portarum,
1012 2593 1221 2648 lcsdam
1249 2595 1583 2664 persolvant,
1629 2595 1712 2650 vel
1759 2595 2016 2652 securita-

424 2679 534 2729 tem
565 2691 674 2731 non
704 2679 972 2734 vendendi
1001 2681 1262 2739 lemnario
1289 2683 1509 2739 faciant.

500 2768 558 2819 8.
601 2766 868 2822 Statutum
898 2769 1058 2824 etiam
1087 2770 1186 2825 fuit
1211 2773 1379 2842 quod,
1421 2773 1466 2826 si
1508 2780 1781 2826 mercator
1825 2772 2011 2840 viator,

427 2859 486 2906 ut
538 2855 829 2923 pedagium
890 2858 1056 2926 possit
1115 2860 1369 2925 evadere,
1425 2865 1632 2914 astrata
1687 2861 2014 2926 deviaverit,

425 2940 513 2998 vel
537 2957 640 3012 per
666 2943 850 3000 villam
876 2946 1168 3018 transiens,
1190 2949 1484 3021 pedagium
1511 2965 1620 3004 non
1647 2948 2014 3021 persolverit;

423 3038 471 3093 si
495 3041 760 3113 consequi
789 3045 1008 3113 poterit,
1033 3053 1394 3102 mercaturam
1439 3047 1646 3102 amittat
1677 3066 1692 3115 ;
1752 3047 1838 3103 vel
1895 3063 2015 3104 eam

421 3141 545 3183 cum
573 3129 770 3186 abbate
797 3143 1108 3204 componat.

2203 1957 2289 2008 15.
2320 1954 2401 2009 Ad
2455 1953 2696 2008 ultimum
2755 1953 2947 2009 videns
2976 1953 3148 2010 abbas
3203 1953 3474 2012 raritatem
3531 1956 3730 2012 homi-

2129 2059 2279 2110 num,
2310 2051 2362 2098 et
2389 2042 2533 2114 quod
2563 2043 2634 2097 de
2662 2041 2808 2097 facili
2837 2058 2944 2098 non
2973 2051 3156 2114 posset
3185 2043 3311 2100 villa
3339 2043 3617 2116 populari,
3669 2056 3730 2101 ut

2127 2133 2286 2188 citius
2309 2131 2675 2203 popularetur,
2723 2131 2852 2186 dixit
2884 2139 2934 2186 et
2988 2131 3276 2201 concessit,
3331 2133 3475 2204 quod
3525 2134 3575 2188 si
3651 2135 3726 2191 de

2125 2220 2438 2275 hominibus
2467 2219 2650 2276 Sancti
2682 2219 2871 2276 Severi
2911 2219 3110 2276 vellent
3136 2219 3209 2274 ibi
3247 2219 3477 2276 aedicia
3505 2221 3721 2288 facere,

2127 2311 2273 2382 quod
2328 2309 2519 2365 liceret
2575 2309 2654 2364 eis
2709 2308 2849 2364 intra
2892 2309 3230 2377 vicennium;
3279 2309 3530 2366 vicennio
3587 2327 3722 2368 vero

2125 2407 2421 2464 transacto,
2457 2399 2503 2452 si
2531 2397 2584 2452 in
2638 2397 2731 2452 illa
2789 2398 2985 2452 vellent
3017 2399 3237 2464 morari,
3272 2406 3326 2454 et
3378 2415 3477 2470 per
3504 2415 3720 2455 annum

2126 2496 2180 2544 et
2203 2489 2348 2543 diem
2379 2503 2567 2543 secum
2595 2495 2798 2553 essent,
2829 2495 2883 2542 et
2910 2486 2980 2542 de
3028 2503 3126 2542 suo
3173 2487 3390 2559 proprio
3435 2503 3582 2559 pane
3624 2505 3722 2545 co-

2123 2586 2428 2651 mederent,
2453 2594 2505 2640 et
2535 2585 2652 2640 sine
2683 2584 3016 2656 querimonia
3045 2585 3276 2652 abbatis,
3311 2585 3513 2642 deinde
3560 2601 3720 2643 more

2126 2675 2480 2746 burgensium
2511 2690 2570 2728 se
2599 2674 2880 2739 haberent,
2940 2672 3044 2728 nisi
3094 2673 3228 2730 forte
3279 2674 3464 2730 casalli
3520 2690 3716 2732 eorum

2125 2772 2405 2818 manerent
2436 2771 2622 2834 postea
2649 2763 2894 2828 desolati,
2929 2770 3055 2818 tunc
3084 2779 3180 2834 per
3233 2761 3371 2818 filios
3427 2779 3582 2830 suos,
3627 2765 3717 2820 vel

2124 2867 2224 2923 per
2253 2852 2484 2922 seipsos,
2517 2850 2764 2922 quamvis
2789 2851 2843 2906 in
2892 2849 3020 2906 villa
3072 2850 3416 2919 aedicarent,
3472 2852 3715 2908 casaltos

2124 2941 2457 3012 coaperiant.
2493 2947 2731 3007 teneant,
2763 2947 2816 2995 et
2845 2939 3104 3008 serviant,
3138 2949 3191 2996 et
3229 2939 3283 2994 in
3332 2939 3536 2996 eisdem
3595 2957 3714 2996 ma-

2123 3046 2310 3094 neant.
2353 3038 2409 3094 Si
2429 3053 2561 3094 vero
2577 3037 2896 3104 servientes,
2921 3037 3007 3093 vel
3030 3037 3343 3094 conductitii
3359 3037 3713 3110 burgensium

2124 3127 2450 3196 exstiterint,
2485 3136 2962 3199 quantumcunque
2991 3126 3178 3182 abbati
3207 3126 3486 3198 placuerit,
3514 3127 3586 3182 de
3627 3129 3711 3182 eis

493 3228 547 3283 9.
577 3226 846 3284 Statutum
879 3232 1042 3287 etiam
1199 3233 1346 3306 quod
1375 3233 1466 3306 qui
1495 3249 1708 3306 pannos
1738 3233 1927 3290 laneas
1955 3234 2012 3290 in
2121 3227 2370 3288 tanquam
2399 3217 2468 3272 de
2497 3215 2618 3270 aliis
2648 3214 2956 3272 hominibus
2977 3214 3304 3271 voluntatem
3331 3231 3481 3270 suam
3521 3213 3706 3284 faciat,

419 3313 546 3370 villa
578 3318 802 3374 venales
837 3319 1111 3390 habuerit,
1143 3330 1268 3378 octo
1299 3323 1503 3380 solidos
1524 3322 1807 3379 annuatim
1830 3324 2014 3378 abbati

417 3405 714 3480 persolvat.

494 3510 580 3562 10.
613 3507 692 3562 De
721 3507 998 3564 mundinis
1027 3509 1278 3566 similiter
1305 3514 1567 3566 statutum
1599 3510 1696 3567 fuit
1727 3512 1876 3584 quod
1925 3512 2010 3566 in-

419 3593 624 3666 cipiunt
673 3596 803 3651 feria
854 3597 1042 3668 quinta
1092 3610 1218 3670 post
1276 3601 1654 3667 Pentecosten,
1709 3610 1762 3656 et
1818 3602 2014 3656 durant

418 3699 520 3754 per
551 3683 806 3740 undecim
834 3685 974 3754 dies,
1005 3696 1064 3742 ut
1118 3687 1298 3744 omnis
1353 3689 1444 3760 qui
1499 3689 1570 3744 ad
1621 3706 1714 3744 eas
1773 3690 2009 3758 venerit,

419 3787 645 3828 securus
675 3774 762 3841 sit,
795 3775 899 3829 nisi
939 3775 1102 3832 fuerit
1158 3777 1454 3842 homicida,
1507 3778 1593 3833 vel
1650 3779 1886 3850 aliquem
1943 3780 2014 3834 de

419 3868 542 3924 villa
570 3871 638 3925 ad
668 3871 1103 3943 redemptionem
1131 3875 1400 3949 coegerit.
1441 3876 1507 3930 Et
1534 3877 1770 3948 quandiu
1789 3878 2008 3944 durant,

413 3973 606 4015 omnes
639 3959 842 4016 banniti
871 3969 926 4016 et
955 3963 1230 4036 pignorati
1261 3964 1368 4018 sint
1397 3965 1653 4020 absoluti.
1690 3966 1747 4020 Si
1794 3966 1916 4038 quis
1956 3967 2012 4020 in

410 4047 544 4118 ipsis
571 4048 1019 4118 alicuiinjuriam
1080 4051 1290 4119 fecerit,
1347 4053 1536 4126 viginti
1597 4055 1854 4110 denarios
1911 4071 2011 4124 pro

411 4153 578 4208 paena
631 4139 756 4193 dabi
805 4140 1008 4206 abbati,
1069 4150 1123 4196 et
1175 4143 1318 4211 quod
1373 4143 1580 4210 justum
1632 4143 1794 4198 fuerit
1850 4143 2014 4199 faciat

409 4227 780 4296 conquerenti,
808 4227 911 4282 nisi
938 4229 1286 4284 homicidium
1317 4229 1370 4284 in
1401 4231 1481 4286 eis
1510 4231 1922 4301 perpetraverit.

489 4324 572 4376 tt.
607 4321 879 4378 Praeterea
909 4324 1026 4393 jam
1058 4325 1236 4382 dictus
1269 4327 1445 4382 abbas
1473 4328 1748 4384 concessit
1795 4327 2010 4382 habita-

411 4409 624 4465 toribus
653 4411 814 4478 villas,
847 4429 956 4468 non
985 4414 1053 4469 ad
1081 4416 1448 4482 vendendum,
1481 4417 1578 4470 sed
1601 4417 1668 4470 ad
1692 4425 2013 4472 construen-

407 4505 506 4561 das
534 4507 750 4572 domos,
783 4508 1063 4566 faciendos
1095 4510 1264 4578 focos,
1297 4522 1351 4568 et
1369 4513 1440 4568 ad
1456 4521 1687 4570 creteros
1718 4529 1871 4579 usus,
1897 4515 2008 4570 duo

2124 3322 2177 3371 et
2206 3331 2306 3371 eos
2335 3315 2666 3386 ubicumque
2696 3314 2926 3370 voluerit
2954 3313 3198 3370 colloeet.

2198 3407 2284 3458 16.
2327 3406 2596 3459 Statutum
2626 3403 2788 3458 etiam
2814 3402 2910 3457 fuit
2940 3410 2994 3458 et
3023 3403 3161 3458 bene
3214 3401 3476 3457 rmatum
3534 3403 3703 3474 quod,

2125 3493 2192 3558 si,
2223 3491 2397 3564 portis
2417 3491 2619 3548 clausis
2649 3491 2811 3558 villa,
2859 3490 3056 3564 aliquis
3101 3491 3156 3546 in
3195 3506 3318 3548 eam
3361 3491 3577 3547 aliunde
3613 3491 3708 3546 in-

2125 3589 2364 3655 traverit,
2399 3589 2484 3644 vel
2514 3588 2726 3654 exierit,
2769 3589 2874 3642 nisi
2931 3603 3098 3644 causa
3154 3588 3444 3644 evadendas
3495 3589 3702 3658 mortis,

2122 3687 2400 3750 tamquam
2427 3678 2650 3732 invasor
2682 3677 2823 3732 villae
2847 3677 3119 3746 judicetur
3139 3683 3190 3732 et
3210 3677 3614 3733 condemnetur.

2196 3770 2283 3822 17.
2325 3767 2596 3822 Statutum
2646 3765 2806 3820 etiam
2854 3765 2952 3820 fuit
2998 3765 3164 3838 quod,
3213 3765 3260 3820 si
3305 3765 3426 3838 quis
3466 3765 3533 3821 de
3579 3766 3704 3822 villa

2122 3855 2388 3911 alterode
2443 3855 2557 3910 suis
2613 3854 2871 3910 membris
2928 3854 3228 3926 majoribus
3282 3870 3341 3910 se
3391 3854 3696 3925 privaverit,

2122 3969 2188 4008 cr.
2217 3953 2422 4008 solidos
2451 3952 2632 4007 abbati
2663 3953 2960 4023 persolvat,
2993 3960 3047 4008 et
3089 3967 3213 4007 cum
3261 3966 3325 4007 eo
3371 3951 3437 4007 de
3491 3959 3699 4020 turpato

2124 4042 2374 4097 membro
2401 4041 2710 4108 conveniat,
2742 4049 2796 4096 et
2823 4041 2892 4096 de
2925 4041 3232 4111 turpatione
3260 4039 3485 4096 aliorum
3531 4057 3697 4097 mem-

2123 4132 2345 4186 brorum
2379 4130 2432 4184 in
2460 4129 2685 4186 arbitrio
2717 4130 2785 4185 sit
2805 4129 3188 4198 iudicantium.

2194 4229 2282 4284 18.
2316 4227 2583 4284 Statutum
2614 4227 2774 4282 etiam
2806 4225 2924 4292 fuit,
2957 4227 3105 4299 quod
3133 4226 3180 4280 si
3209 4225 3329 4298 quis
3349 4225 3465 4281 sine
3487 4227 3692 4284 haerede

2123 4317 2376 4380 decedat,
2409 4316 2579 4370 abbas
2606 4315 2662 4370 in
2693 4315 2946 4370 omnibus
2977 4324 3142 4370 rebus
3166 4315 3282 4370 suis
3327 4313 3376 4370 ei
3411 4316 3693 4382 succedat;

2123 4413 2174 4460 et
2205 4405 2250 4459 si
2289 4405 2410 4476 quis
2469 4413 2850 4459 testamentum
2911 4403 3092 4460 facere
3141 4403 3370 4458 noluerit
3419 4404 3487 4459 de
3538 4404 3694 4460 rebus

2122 4503 2255 4570 suis,
2284 4501 2638 4568 monasterio,
2692 4517 2794 4574 pro
2841 4501 3021 4557 anima
3069 4515 3192 4569 sua,
3231 4500 3566 4557 medietatem
3610 4501 3696 4557 tri-

406 4611 653 4662 nemora,
683 4614 851 4654 unum
883 4600 1026 4671 quod
1058 4600 1255 4658 dicitur
1296 4603 1598 4668 Padoence,
1649 4612 1704 4658 et
1751 4603 2001 4668 alterum,
2037 4583 2089 4642 D
2122 4593 2272 4646 bllat-

407 4685 555 4756 quod
581 4685 780 4744 dicitur
813 4689 1089 4744 Martini...
1143 4690 1374 4758 Cretera,
1435 4691 1689 4747 videlicet
1746 4692 1894 4748 culta
1955 4700 2009 4748 et

405 4771 608 4830 inculta
637 4777 738 4831 sibi
771 4778 1005 4842 retinuit,
1039 4780 1178 4834 sicut
1206 4795 1239 4834 a
1270 4778 1648 4834 laudatoribus
1679 4780 2006 4836 monasterii

409 4863 611 4919 donata
667 4874 724 4919 et
780 4881 1041 4922 concessa
1101 4868 1314 4922 fuerunt
1389 4868 1702 4924 beatissimo
1775 4868 2005 4938 martyri

410 4959 638 5026 Severo,
663 4976 874 5017 necnon
906 4962 1172 5018 Salvatori
1203 4963 1385 5018 abbati
1428 4964 1673 5032 ejusdem
1716 4964 1819 5018 loci
1866 4963 2006 5020 sicut

411 5045 466 5102 in
495 5049 827 5104 membranis
857 5058 911 5104 et
941 5051 1240 5122 privilegiis
1271 5053 1471 5106 nostris
1501 5053 1764 5124 scriptum
1794 5061 1896 5108 est.

484 5139 568 5194 12.
601 5137 871 5194 Statutum
901 5139 1063 5195 etiam
1096 5140 1192 5194 fuit
1223 5141 1389 5213 quod,
1422 5141 1469 5196 si
1511 5141 1779 5208 extranei,
1835 5157 2006 5198 causa

2189 4691 2275 4742 19.
2305 4687 2645 4744 Procedente
2666 4695 2910 4758 tempore
2932 4693 3186 4742 statutum
3209 4694 3290 4744 est
3312 4686 3528 4760 quod,si
3541 4687 3694 4743 abbas

2115 4786 2260 4856 apud
2289 4802 2348 4841 se
2370 4801 2691 4840 mensuram
2733 4785 3034 4858 legitimam
3077 4785 3296 4841 emendi
3345 4795 3397 4841 et
3441 4785 3692 4842 vendendi

2115 4891 2388 4931 annonam
2406 4891 2622 4944 semper
2653 4874 2870 4939 habeat,
2906 4891 3005 4946 pro
3025 4890 3280 4930 mensura
3335 4891 3366 4930 e
3421 4875 3690 4932 venditore

2115 4980 2306 5018 manus
2327 4965 2520 5034 plet-ias
2551 4979 2782 5018 annonae
2827 4963 3112 5034 percipiat.
3169 4965 3232 5018 In
3287 4963 3395 5019 fine
3452 4971 3689 5020 statutum

2113 5061 2196 5108 est
2224 5052 2392 5123 quod,
2430 5051 2475 5106 si
2505 5051 2573 5107 de
2602 5067 2742 5107 novo
2782 5051 2987 5122 aliquid
3033 5052 3390 5108 statuendum
3443 5053 3684 5121 evenerit,

2111 5147 2378 5196 statuatur
2405 5149 2463 5196 et
2489 5148 2866 5196 conservetur.
2903 5145 3100 5196 Amen.
