3882 6436
175 519 3475 581 Μ

1550 707 1700 746 ANNO
1735 706 1932 747 DOHINI
1960 706 2112 747 MCVll

1271 883 2396 1037 FOLCABDUS

1534 1152 1750 1209 ABBAS
1780 1151 2144 1209 LOBIENSIS

1677 1329 2015 1347 *ια

635 1509 1196 1604 ΝΟΤΙΤΙΑ
1278 1508 1957 1602 HISTORICA
2017 1511 2154 1600 IN
2247 1506 3056 1606 FOLCARDUM

1309 1708 1475 1779 (Hist.
1513 1707 1628 1762 litt.
1663 1707 1729 1763 de
1761 1707 1818 1762 ια
1848 1708 2082 1774 France,
2102 1706 2197 1771 IX,
2233 1707 2355 1771 348)

263 2015 516 2091 Folcard,
541 2016 684 2076 abbé
712 2019 780 2074 de
809 2019 1009 2085 Lobes,
1035 2033 1103 2073 au
1125 2017 1341 2091 diocese
1366 2016 1732 2091 de_Cambrai,
1764 2016 1925 2091 avait‘
1964 2016 2201 2091 succé‘dé
2225 2018 2257 2072 ἁ
2293 2017 2502 2091 Arnoul
2530 2018 2630 2091 des
2662 2020 2815 2091 1094.
2847 2017 2889 2073 Il
2919 2036 2953 2091 y
2981 2020 3125 2075 avait
3172 2020 3321 2078 alors
3352 2022 3478 2079 dix-

190 2088 313 2164 buit
339 2104 437 2164 aps
467 2106 574 2164 que
603 2105 667 2164 ce
690 2088 1307 2164 monastere,‘autrefois
1340 2089 1386 2142 si
1406 2088 1634 2164 illustre,
1664 2086 1949 2164 gemissait
1977 2103 2104 2164 sons
2124 2088 2480 2164 l'oppress_ion
2511 2089 2578 2144 de
2610 2105 2674 2145 ce
2705 2086 2935 2164 dernier'
2960 2099 3011 2145 et
3041 2092 3111 2145 du
3143 2091 3270 2146 faux
3300 2094 3485 2164 prieur

194 2158 447 2235 Oibalde,
487 2158 577 2231 qui
607 2160 861 2235 ltavaient
891 2159 1128 2235 réduita
1159 2177 1228 2235 un
1251 2162 1360 2214 état
1389 2160 1730 2235 deplorable.
1765 2159 1839 2212 La
1858 2158 2143 2235 discipline
2166 2159 2507 2231 monastique
2533 2176 2593 2216 se
2611 2162 2913 2227 resssentit,
2936 2177 3148 2217 comme
3177 2158 3318 2219 c'esf
3339 2182 3485 2235 pres-

194 2230 583 2302 quetoujours
612 2231 943 2296 l’ordinaire,
975 2231 1045 2286 de
1073 2230 1125 2284 1a
1156 2231 1351 2302 disette
1382 2230 1479 2283 des
1509 2231 1703 2284 choses
1735 2230 2099 2302 temporelles.

269 2297 637 2372 L’bos’pitalité
666 2311 719 2357 et
750 2302 828 2357 les
856 2305 1117 2357 aumdnes
1146 2319 1180 2372 y
1210 2301 1408 2355 étaient
1434 2316 1670 2370 presque
1701 2300 1927 2364 abolies,
1959 2316 2056 2372 par
2085 2300 2133 2353 la
2155 2297 2337 2372 raison
2359 2300 2522 2370 qu’on
2552 2300 2692 2356 avait
2713 2302 2918 2372 dissipé
2949 2302 3028 2358 les
3050 2302 3208 2359 fonds
3236 2305 3482 2361 destines

193 2371 227 2424 ὸ
258 2380 345 2427 cet
373 2370 517 2426 eﬂ'et.
546 2372 619 2427 Ce
649 2372 728 2427 fut
756 2390 861 2427 une
892 2372 1099 2443 grande
1128 2369 1415 2443 occasion
1441 2369 1742 2443 d'exercice
1776 2386 1911 2443 pour
1958 2369 2007 2424 la
2035 2370 2275 2443 sagacité
2332 2369 2388 2425 et
2407 2372 2457 2426 le
2487 2372 2601 2425 zéle
2646 2372 2714 2426 de
2749 2369 2992 2427 Folcard.
3026 2375 3070 2428 Il
3112 2373 3168 2428 ﬁt
3199 2377 3483 2433 tellement

201 2458 379 2516 usage
411 2443 479 2516 de
507 2443 621 2516 l’un
650 2451 702 2498 et
732 2443 798 2516 de
827 2439 1038 2516 l‘antre,
1063 2458 1188 2516 que,
1221 2444 1359 2516 dans
1387 2441 1621 2511 l’espace
1651 2441 1719 2516 de
1749 2439 1912 2516 treize
1940 2457 2038 2494 ans
2059 2439 2188 2511 qu’il
2210 2456 2492 2509 gouverna
2515 2458 2576 2516 ce
2600 2447 2908 2516 monastere
2938 2460 3004 2516 en
3036 2445 3235 2516 qualité
3263 2446 3476 2513 d‘abbé,

195 2512 513 2585 ilréussita
542 2514 617 2568 lui
645 2515 844 2585 rendre
874 2512 1107 2585 quelque
1127 2515 1299 2585 chose
1326 2513 1397 2585 de
1426 2528 1527 2565 son
1555 2512 1747 2566 ancien
1797 2512 1982 2585 lustre,
2033 2524 2088 2585 et
2141 2521 2346 2585 mourut
2378 2528 2511 2567 avec
2541 2513 2591 2565 la
2621 2513 2924 2584 reputation
2955 2512 3085 2570 d’un
3115 2518 3383 2572 serviteur
3412 2512 3484 2574 de

195 2582 336 2662 Dieu
358 2592 513 2662 exact
542 2583 731 2662 etaélé
761 2581 966 2662 pour'la
987 2581 1507 2662 bonne__discipl_ine,
1542 2590 1753 2662 surtout
1782 2598 1922 2662 ρους
1951 2581 2147 2636 l'ot’ﬁce
2178 2582 2347 2636 divin.

272 2654 313 2707 Il
336 2671 368 2725 y
396 2671 424 2707 a
457 2655 525 2709 de
554 2655 625 2707 lui
656 2673 726 2709 un
757 2652 1017 2725 memoire
1051 2672 1141 2709 sur
1167 2653 1312 2707 l’état
1343 2652 1411 2708 ou
1466 2669 1553 2725 se,
1580 2652 1819 2725 trouvait
1871 2652 2022 2725 alors
2069 2669 2167 2725 son
2214 2656 2549 2725 monastere.
2616 2653 2659 2708 Il
2703 2654 2754 2709 le
2810 2654 3067 2724 présenta
3100 2658 3131 2712 ἑ.
3160 2656 3487 2725 l‘empereur

199 2723 365 2796 Henri
396 2726 483 2791 IV,
517 2733 569 2779 et
590 2741 652 2779 ce
684 2726 872 2796 prince

901 2744 935 2797 y
965 2724 1021 2779 fit
1049 2725 1189 2779 droit
1219 2741 1315 2792 par
1342 2740 1415 2777 un
1438 2724 1684 2797 dipldme
1714 2724 1874 2797 qu’on
1919 2738 1961 2797 ε
2000 2722 2257 2797 imprimé
2288 2724 2320 2797 a
2350 2740 2407 2797 sa
2431 2724 2590 2791 snite,
2626 2722 2837 2780 comme
2870 2726 2905 2780 il
2937 2743 2996 2782 se
3048 2735 3238 2785 trouve
3268 2722 3404 2784 dans
3433 2731 3488 2785 la

198 2794 508 2869 _Chronique
535 2796 603 2869 de
630 2793 805 2869 Lobes
826 2793 1040 2869 (spicit.
1075 2797 1163 2869 Vl,
1196 2799 1291 2849 601
1330 2796 1399 2869 4,).
1436 2795 1507 2869 _Le
1539 2795 1797 2869 mémoire
1816 2794 1896 2869 _de
1919 2793 2151 2869 Folcard
2171 2802 2259 2847 est
2287 2794 3078 2869 interessantpourl‘histoire
3109 2800 3178 2853 de
3204 2808 3349 2855 cette
3380 2802 3485 2855 ab-

194 2865 359 2936 baye,
387 2864 843 2937 principalement
868 2864 936 2922 en
966 2883 1030 2922 ce
1050 2867 1140 2937 qui
1174 2865 1408 2936 regards
1436 2865 1487 2918 la
1512 2864 1765 2938 conduite
1797 2864 1895 2938 des
1924 2865 2153 2919 auciens
2182 2868 2406 2938 avoués.
2443 2866 2526 2921 On
2558 2864 2663 2919 sait
2692 2868 2851 2938 qu’ils
2880 2868 3135 2924 devaient
3163 2874 3284 2925 etre
3300 2871 3486 2926 dél‘en-

196 2952 350 3012 seurs
380 2946 433 2991 et
464 2947 811 3012 pratecteurs
839 2938 938 3012 des
968 2936 1570 3012 monasteres,_comme
1601 2936 1752 3012 leurs
1785 2936 1941 3012 penes
1974 2936 2342 3012 temporelset
2379 2936 2458 3012 les
2493 2936 2917 3012 conservateurs
2933 2940 3001 3012 de
3022 2942 3169 3012 leurs
3191 2941 3487 3012 privileges

197 3008 387 3079 etl'on
420 3005 528 3062 voit
557 3024 657 3077 par
685 3018 771 3064 cet
800 3009 932 3064 écrit
953 3008 1110 3079 qu’ils
1141 3008 1439 3079 engétaient
1469 3007 1809 3079 devenustes
1845 3005 1964 3073 plus
1994 3006 2202 3079 grands
2225 3006 2467 3079 pillards.
2494 3007 2564 3079 Le
2586 3007 2749 3061 début
2774 3010 2865 3079 qui
2889 3009 3122 3078 précéde
3143 3005 3367 3065 Ie'détail
3386 3005 3489 3067 des

198 3078 428 3134 miseres
458 3080 527 3134 de
558 3076 750 3143 Lobes,
780 3089 832 3133 et
862 3080 911 3132 la
942 3076 1013 3132 fin
1036 3088 1157 3133 sont
1185 3077 1312 3131 d'un
1344 3078 1449 3131 bon
1478 3079 1633 3147 gout.
1672 3077 1927 3147 L'auteur
1956 3076 2292 3145 y’témoigne
2324 3078 2371 3129 la
2402 3076 2684 3132 conﬁance
2716 3076 3031 3135 dc'tro‘uver
3057 3097 3122 3134 au
3155 3082 3391 3136 tribunal
3415 3085 3489 3137 du

195 3149 382 3222 prince
421 3150 470 3203 la
492 3150 688 3217 justice
718 3151 846 3222 qn’il
876 3150 1169 3222 n’esperait
1191 3165 1286 3222 pas
1307 3150 1375 3222 de
1398 3148 1448 3200 la
1478 3155 1600 3222 part
1629 3148 1696 3200 de
1723 3164 1813 3222 ses
1844 3146 2156 3222 ministres._
2177 3148 2216 3199 ll
2248 3147 2511 3217 yalaissé
2542 3148 2640 3222 (les
2670 3164 2922 3221 marques
2948 3152 3017 3206 de
3046 3167 3108 3205 sa
3138 3153 3406 3208 modestie
3436 3162 3491 3209 et

197 3218 268 3277 de
298 3237 398 3277 son
428 3222 689 3286 humilité,
720 3218 787 3277 en
817 3222 897 3292 s‘y
929 3218 1206 3292 qualitiant
1231 3218 1375 3275 abbé
1405 3220 1708 3273 seulement
1732 3218 1800 3273 de
1828 3233 1976 3284 nom,
2004 3218 2252 3284 nomine,
2286 3233 2402 3273 non
2432 3220 2662 3275 merito.

287 3424 3458 3450 *Μ

1321 3605 1987 3719 EPISTOLA
2096 3600 2345 3715 XIV

982 3850 1396 3916 FULCARDI
1425 3850 1777 3913 ABBATIS
1808 3847 2172 3912 HENRICO
2203 3845 2733 3915 IMPERATORI.

1488 4096 1493 4101 η
1585 4012 1803 4085 (Spicil.
1838 4011 1929 4078 vr,
1962 4013 2055 4066 θοι
2074 4010 2113 4079 .)

283 4316 552 4387 HBNtuco,
588 4315 766 4385 gratia
800 4316 901 4372 Dei
933 4315 1394 4372 excellentissimo
1424 4316 1796 4371 Romanorum
1833 4316 1888 4375 Α
1916 4311 2153 4367 dominae
2180 4318 2379 4366 nostras
2410 4318 2612 4368 sanctas
2640 4311 2925 4368 Lobiensis
2973 4314 3232 4375 Ecclesia:
3280 4336 3504 4380 oramus

214 4405 532 4477 imperatori
562 4408 830 4477 Augusto,
855 4406 1200 4471 FULCARDUS,
1233 4404 1408 4459 abbas
1437 4404 1677 4467 nomine,
1697 4418 1808 4457 non

216 4494 431 4561 merito,
465 4502 516 4549 et
546 4494 776 4565 pusillus
806 4511 937 4567 grex
960 4494 1194 4549 emnobii
1219 4493 1519 4560 Lobiensis,
1545 4508 1813 4564 augmen-

217 4591 331 4638 tum
363 4583 573 4640 omlitus
602 4583 844 4639 victorias
873 4592 927 4638 et
956 4583 1127 4654 pacis,
1163 4583 1235 4637 ad
1264 4583 1494 4637 salutem
1525 4579 1810 4652 utriusque

218 4672 473 4727 hominis.

290 4760 546 4816 Salomon
575 4777 665 4815 rex
696 4759 968 4832 quondam
1012 4759 1271 4830 paciﬁcus
1302 4758 1601 4829 primordia
1653 4756 1811 4829 regni

223 4849 304 4905 sui
328 4849 549 4919 justitiaz
566 4849 771 4919 judicio
809 4848 912 4903 sub
955 4849 1299 4904 contentione
1330 4847 1619 4902 mulierum
1650 4846 1810 4901 dedi-

223 4953 371 5006 cans,
411 4954 576 5009 super
592 4954 657 4993 eo
680 4937 999 4993 sententiam
1020 4937 1250 5008 posteris
1281 4936 1555 4991 memoriae
1585 4935 1813 5006 dignam

221 5027 583 5093 commendat,
615 5027 835 5083 dicens:
866 5028 1071 5082 Facere
1100 5024 1550 5081 misericordiam
1579 5028 1635 5079 et
1645 5023 1809 5095 judi-

223 5116 373 5172 cium
387 5117 569 5188 magis
580 5116 765 5188 placet
777 5114 1018 5171 Domino
1030 5130 1196 5187 quam
1214 5114 1477 5169 victimae.
1499 5113 1672 5180 Hujus
1686 5129 1813 5182 prae-

226 5204 410 5276 scripti
430 5204 640 5267 ﬁducia
659 5212 716 5259 et
728 5219 845 5275 spe,
866 5203 1246 5259 misericordia
1256 5210 1308 5257 et
1324 5201 1530 5271 judicio
1543 5200 1812 5272 potiundi,

227 5309 328 5364 ego
357 5293 658 5349 Fulcardns
685 5309 805 5349 cum
849 5293 1028 5347 delato
1075 5307 1306 5361 corpore
1356 5290 1569 5361 patroni
1617 5287 1811 5355 nostri,

226 5381 472 5439 videlicet
494 5390 547 5438 et
568 5381 609 5436 S
625 5423 638 5436 .
667 5382 911 5438 Ursmari
935 5379 1226 5451 pontiﬁcis,
1249 5388 1301 5435 et
1318 5379 1520 5434 familia
1535 5377 1812 5449 praesenti,

226 5488 395 5544 usque
425 5471 767 5527 adtbrouum
790 5470 1006 5543 regium
1037 5486 1160 5526 cum
1192 5468 1650 5525 temerario-ausu
1680 5482 1813 5537 pro-

226 5577 486 5631 rumpens
507 5559 726 5631 (etenim
759 5558 1013 5614 subsellis
1043 5557 1413 5628 imperialibus
1450 5570 1716 5627 nusquam
1747 5555 1817 5609 lo-

1918 4399 2185 4472 patienter
2213 4415 2312 4455 nos
2341 4400 2533 4456 audias
2564 4416 2664 4471 pro
2697 4410 2787 4456 tua
2816 4402 3124 4469 clementia,
3155 4413 3208 4464 et
3238 4412 3506 4467 exaudias

1918 4488 1973 4543 in
2002 4496 2087 4542 tua
2114 4488 2336 4557 justitia.

1989 4577 2237 4632 Ecclesia
2269 4584 2474 4642 nostra,
2508 4578 2563 4632 in
2618 4580 2823 4651 angulo
2879 4582 3036 4654 regni
3088 4585 3165 4639 tui
3207 4587 3509 4657 penultimo

1922 4665 2165 4731 fundata,
2190 4666 2292 4720 sub
2314 4666 2466 4721 titulo
2496 4668 2881 4739 Apostolorum
2920 4672 2977 4724 B.
3002 4673 3141 4727 Petri
3165 4683 3220 4729 et
3241 4676 3387 4730 Pauli
3414 4678 3511 4732 de-

1921 4754 2120 4820 dicata,
2143 4754 2257 4823 jam
2290 4755 2600 4827 quingentis
2625 4757 2783 4811 annis
2817 4759 3025 4829 Optima
3063 4760 3315 4819 libertate
3342 4764 3512 4834 potita

1923 4852 2005 4898 est
2025 4842 2267 4914 priorum
2299 4859 2510 4915 regum,
2544 4852 2595 4898 et
2619 4861 2794 4917 regno
2825 4856 2878 4901 et
2922 4849 3233 4906 auctoritate
3288 4850 3516 4909 ﬁrmiter

1921 4947 2211 4999 concessa,
2232 4948 2333 4988 nec
2363 4949 2469 4987 non
2505 4934 2844 5004 amplissima
2866 4936 3194 5005 praediorum
3210 4955 3273 4996 ac
3294 4956 3516 5012 posses-

1921 5021 2133 5076 sionum
2164 5018 2554 5089 munificentia,
2585 5037 2683 5092 pro
2730 5023 2926 5094 quibus
2957 5026 3211 5081 omnibus
3242 5044 3381 5098 pene
3409 5030 3515 5086 sibi

1924 5109 2214 5164 subtractis
2243 5109 2440 5164 clamat
2468 5110 2538 5165 ad
2569 5119 2641 5176 te,
2680 5118 2867 5181 utpote
2897 5112 3078 5180 vidua,
3113 5117 3371 5186 quoniam
3406 5135 3518 5175 non

1923 5196 2077 5262 alias,
2110 5197 2157 5251 si
2186 5212 2295 5252 non
2326 5212 2515 5253 coram
2547 5206 2619 5265 te,
2653 5214 2685 5253 ο
2717 5198 2919 5265 Caesar,
2951 5201 3174 5258 obviant
3196 5188 3299 5260 sibi
3316 5208 3517 5264 veritas

1924 5293 1975 5339 et
2033 5284 2430 5353 misericordia,
2488 5302 2664 5358 neque
2720 5286 2988 5343 ullatenus
3037 5290 3254 5361 justitia
3315 5303 3366 5350 et
3408 5312 3519 5367 pax

1924 5381 2082 5427 ruunt
2113 5373 2168 5427 in
2198 5375 2407 5429 oscula.
2471 5375 2629 5430 Tales
2675 5374 2850 5448 igitur
2904 5376 2958 5431 in
3013 5378 3235 5435 abbatia
3266 5382 3521 5442 Lobiensi

1925 5461 2137 5517 fuerunt
2166 5462 2322 5533 leges
2351 5462 2643 5533 majorum,
2675 5481 2796 5536 quas
2834 5463 3065 5539 integrae
3095 5470 3522 5538 perduraverunt

1924 5566 2101 5621 usque
2132 5551 2199 5605 ad
2231 5551 2615 5605 Theoduinum
2647 5551 2987 5623 episcOpum.
3021 5555 3357 5616 Castellanes
3402 5562 3516 5619 Tu-

227 5666 344 5707 cum
369 5649 574 5704 obtinet
598 5648 831 5719 justitia,
851 5663 1047 5702 omnes
1067 5647 1268 5718 quippe
1289 5645 1700 5701 retributionem
1731 5661 1819 5699 se-
1843 5685 1896 5745 B
1927 5638 2212 5706 diniensis,
2245 5640 2390 5709 quod
2421 5639 2578 5694 nobis
2599 5641 2833 5709 adiacet,
2868 5645 3030 5699 castri
3061 5652 3220 5701 totam
3250 5648 3524 5719 praefecto.

228 5746 464 5813 quuntur
492 5746 545 5793 et
575 5738 837 5806 munera),
887 5748 1048 5806 snper
1076 5735 1392 5790 multimoda
1444 5734 1731 5789 afﬂictione
1763 5742 1815 5788 et

222 5835 481 5901 egestate
509 5834 715 5891 nOStra,
748 5833 802 5881 et
823 5824 1118 5880 miserabili
1137 5824 1443 5894 direptione
1464 5822 1821 5894 praediorum,

230 5925 282 5977 et
304 5915 716 5992 possessionum
736 5920 789 5971 et
819 5912 1153 5983 facultatum,
1183 5927 1248 5969 ac
1272 5911 1516 5984 pristinae
1544 5910 1812 5967 libertatis

1930 5743 2039 5781 ram
2072 5727 2309 5783 abbatiae
2341 5728 2502 5783 debet
2533 5737 2720 5784 tenere
2751 5729 2806 5784 in
2844 5747 3006 5788 manu
3038 5749 3135 5789 sua
3184 5752 3285 5793 nec
3313 5738 3525 5811 aliquos

1926 5825 2090 5880 debet
2120 5826 2394 5882 sustinere
2425 5826 2753 5885 defensores
2793 5830 2880 5886 vel
2923 5832 3239 5904 advocatos,
3298 5837 3403 5893 nisi
3433 5840 3527 5911 qui

1926 5913 2264 5985 haereditarii
2325 5922 2450 5971 sunt
2528 5917 2844 5975 haereditate
2896 5923 3303 5993 antecessoria;
3358 5927 3524 5987 modo
