3882 6408
467 391 570 448 483
1489 377 1870 437 ADELGORII
1909 379 2360 439 MAGDEBURG.
2402 380 2722 440 ARCHIEP.
3691 386 3784 446 484

465 512 733 571 habentur
761 511 817 565 in
845 509 988 564 villis
1017 508 1196 564 Sancti
1227 507 1368 564 Petri
1425 507 1576 562 multi
1635 507 1900 572 advocati,
1951 505 2061 560 imo
2089 506 2145 567 A
2173 507 2340 563 sionis
2368 507 2528 564 villas
2571 508 2810 580 qualibet
2844 512 3126 570 occasione
3151 513 3786 585 invadant,omnemqne

464 611 726 674 raptores,
757 600 814 654 in
843 599 1112 669 aliquibus
1139 597 1396 668 quinque,
1421 597 1478 651 in
1505 596 1774 666 aliquibus
1811 603 2056 665 quatuor,

465 692 521 748 in
549 690 818 760 aliquibus
845 697 968 754 tres,
1032 687 1088 741 in
1142 685 1411 756 aliquibus
1465 685 1626 740 etiam
1681 693 1925 756 septem;
1968 683 2057 754 qui

2167 611 2439 652 annonam
2468 613 2591 652 cum
2644 597 2940 656 redditibus
2965 602 3159 658 exinde
3215 604 3374 660 nobis
3429 605 3784 676 proveniet:-

2168 683 2310 740 tibus
2373 693 2464 741 aut
2500 701 2598 758 pro
2653 703 2712 742 se
2775 689 3056 759 accipiant,
3114 700 3206 748 aut
3257 693 3447 748 tandiu
3508 692 3786 748 violenter

465 788 663 852 prater
693 787 796 833 tres
825 776 1146 848 principales
1199 775 1482 846 generales
1537 773 1762 845 placitos
1819 773 2061 843 quando-
2167 773 2458 838 detineant,
2490 775 2663 830 donec
2689 776 2899 846 majora
2955 795 3114 849 quam
3172 781 3322 852 prius
3376 781 3676 853 petierunt
3721 781 3783 834 ab

467 884 678 939 cunque
707 867 894 922 volunt
921 865 996 919 ibi
1043 864 1319 936 sigillatim
1377 863 1665 935 placitant:
1726 869 2053 934 precaturas,

467 959 576 1016 imo
605 955 841 1028 rapinas,
875 970 1008 1026 quas
1037 953 1210 1007 nullas
1251 952 1473 1008 omnino
1503 951 1702 1007 habere
1758 951 1958 1006 debent
1989 950 2056 1004 de

462 1062 652 1111 avena,
683 1045 750 1099 de
781 1042 1118 1106 multacibus,
1149 1041 1216 1096 de
1247 1040 1498 1106 denariis,
1531 1040 1597 1094 de
1639 1039 1890 1096 omnibus
1916 1055 2055 1109 pene

462 1145 754 1202 mobilibus
791 1151 977 1199 contra
1031 1141 1362 1197 voluntatem
1418 1155 1735 1211 pauperum,
1769 1153 1878 1194 non
1924 1154 2056 1210 pre-

461 1235 654 1304 cando,
679 1233 773 1288 sed
803 1232 1039 1288 tollendo
1095 1230 1299 1286 faciunt
1351 1229 1569 1300 saepius,
1627 1227 1722 1283 ubi
1776 1227 2054 1300 sigillatim

459 1332 717 1382 nocturno
745 1321 1060 1377 diverticulo
1100 1319 1335 1390 jacendo
1366 1334 1630 1389 pauperes
1665 1317 2055 1373 mansionarios

459 1411 786 1469 omnimodis
813 1409 1061 1482 afligunt.
1098 1409 1156 1462 In
1186 1406 1397 1479 placitis
1451 1413 1647 1477 praeter
1689 1405 1962 1460 bincinam
2001 1412 2056 1460 et

460 1501 702 1558 testeiam
731 1515 838 1554 non
864 1497 1025 1554 debet
1050 1496 1252 1553 habere
1281 1496 1574 1552 advocatus
1603 1495 1705 1550 nisi
1738 1502 1842 1548 tres
1888 1494 2053 1550 dena-

456 1592 584 1656 rios,
617 1598 670 1646 et
697 1587 896 1644 alicubi
925 1587 1078 1653 duos,
1139 1585 1302 1640 modo
1357 1585 1401 1638 si
1458 1583 1652 1653 aliquis
1705 1599 1815 1638 non
1854 1584 2051 1654 placito

455 1679 798 1736 scabinorum
851 1677 1033 1731 banno
1091 1673 1250 1728 fuerit
1329 1671 1568 1729 devictus
1621 1672 1738 1727 sine
1791 1680 2053 1743 potestate

455 1767 722 1834 advocati,
755 1765 1046 1820 advocatus
1070 1763 1183 1818 vult
1228 1761 1428 1816 habere
1459 1761 1670 1815 tertium
1729 1759 2048 1824 denarium;

2166 861 2348 916 invitis
2376 863 2617 934 exigant.
2647 863 3115 922 Crebrescentibus
3142 869 3226 924 his
3253 869 3398 940 apud
3452 885 3568 925 nos
3629 869 3784 923 malis

2161 951 2277 1021 jam
2310 951 2526 1023 triginta
2546 952 2720 1021 annis,
2750 953 2807 1008 in
2834 955 2936 1010 hoc
2963 955 3239 1012 biennium
3269 958 3530 1029 pervenit
3551 957 3779 1030 gladius

2163 1055 2333 1109 usque
2389 1040 2458 1094 ad
2511 1040 2769 1111 animam,
2827 1049 2882 1098 et
2935 1043 3062 1099 dum
3117 1046 3186 1101 ab
3233 1055 3365 1104 astu
3399 1045 3780 1102 tribulationis

2163 1135 2454 1206 quaerimus
2508 1139 2746 1194 nondum
2784 1138 3058 1196 inventam
3103 1143 3308 1214 requiei
3351 1144 3649 1211 umbram,
3690 1143 3775 1197 in-

2162 1224 2426 1282 currimus
2459 1226 2772 1282 succisionis
2807 1228 3002 1284 falcem
3039 1236 3092 1285 et
3140 1231 3404 1301 lanceam,
3463 1248 3650 1303 quam
3689 1233 3774 1286 in-

2162 1313 2342 1369 tulisse
2380 1313 2542 1371 nobis
2579 1316 2888 1388 plangimus
2922 1319 3212 1375 Montensis
3265 1321 3570 1376 comitissae
3621 1321 3775 1376 mili-

2163 1403 2311 1469 tiam,
2345 1419 2466 1474 quze
2493 1403 2550 1458 in
2577 1405 2979 1462 succensionem
3007 1403 3148 1480 ignis
3173 1415 3226 1464 et
3272 1409 3769 1480 depraedationem,

2161 1499 2214 1547 et
2241 1492 2607 1563 captivitatem
2635 1501 2688 1549 et
2717 1502 2944 1552 mortem
2973 1493 3181 1568 redegit
3228 1504 3395 1553 totam
3417 1497 3573 1567 juris
3601 1499 3770 1553 nostri

2160 1580 2433 1636 viciniam.
2495 1581 2555 1636 ln
2611 1583 2694 1637 his
2747 1583 2998 1638 omnibus
3048 1601 3155 1640 non
3208 1594 3290 1640 est
3341 1603 3574 1642 avem
3621 1587 3768 1642 furor

2159 1669 2296 1739 ejus,
2335 1669 2430 1725 sed
2468 1669 2643 1726 adhuc
2699 1687 2890 1727 manus
2938 1672 3056 1742 ejus
3108 1681 3326 1730 extensa
3365 1694 3379 1730 :
3441 1692 3764 1746 quanquam

2160 1757 2445 1828 prohibeat
2469 1758 2712 1831 gladium
2768 1777 2802 1816 a
2844 1762 3126 1834 sanguine,
3184 1763 3414 1819 excessit
3473 1765 3640 1819 terris
3665 1764 3764 1834 ju-

455 1857 600 1928 quod
630 1855 776 1910 nullo
806 1853 968 1908 modo
1007 1851 1168 1906 debet
1215 1849 1354 1926 ﬁeri,
1389 1849 1490 1903 nisi
1545 1849 1767 1904 omnino
1797 1849 2047 1904 resistens
2075 1863 2128 1924 Β
2158 1845 2321 1902 stitia.

453 1946 696 2003 devictus
716 1941 876 1998 fuerit
903 1957 1128 1996 censura
1172 1938 1447 1995 advocati.
1513 1939 1573 1992 ln
1629 1937 1777 2006 loris,
1810 1938 1866 1992 in
1921 1955 2052 1993 san-

451 2035 632 2109 guinis
661 2032 861 2100 fusura,
893 2030 948 2084 in
1005 2027 1430 2094 manumissuris,
1489 2026 1545 2080 in
1606 2025 1822 2080 licentia
1879 2027 2052 2082 mari-

453 2123 622 2189 tandi,
653 2123 712 2177 in
738 2127 948 2176 mortua
975 2135 1159 2184 manu,
1193 2117 1326 2172 nihil
1354 2117 1517 2171 debet
1563 2116 1762 2170 habere
1811 2115 2052 2172 advoca-

454 2221 556 2282 tus,
588 2210 691 2268 nisi
743 2208 987 2264 minister
1039 2207 1221 2262 abbati
1264 2204 1650 2260 declamaverit
1695 2204 1839 2275 apud
1895 2222 2049 2274 eum,

453 2310 508 2359 et
561 2303 678 2374 ipse
726 2297 1019 2354 advocatus
1059 2295 1109 2350 ei
1153 2294 1444 2350 redemerit
1485 2312 1497 2349 :
1540 2293 1704 2348 modo
1762 2293 2052 2364 aliquando

453 2390 663 2446 tertiam
689 2393 895 2459 partem
925 2392 980 2440 et
1006 2383 1296 2454 aliquando
1327 2389 1463 2438 totas
1516 2389 1623 2437 tres
1678 2387 1862 2453 partes
1912 2381 2050 2436 diri-

454 2479 652 2554 piendo
679 2475 784 2531 sibi
810 2473 1104 2530 vindicant.

525 2593 821 2668 Legitimus
849 2590 1140 2646 advocatus
1169 2595 1334 2644 totam
1366 2585 1628 2642 familiam
1658 2586 1840 2642 altaris
1869 2585 2052 2643 Sancti

451 2682 596 2742 Petri
623 2681 785 2739 debet
814 2687 992 2736 tenere
1048 2679 1105 2732 in
1159 2693 1324 2733 manu
1379 2693 1512 2732 sua:
1573 2692 1714 2732 nunc
1745 2675 1828 2731 his
1861 2684 1915 2731 et
1941 2676 2051 2731 illis

452 2789 554 2844 per
579 2778 760 2842 partes
791 2769 849 2824 in
891 2765 1217 2823 beneficium
1273 2765 1525 2820 distracta
1580 2764 1940 2836 depraedatur,
1997 2772 2052 2819 et

455 2861 784 2919 annihilatur
844 2872 954 2912 non
1017 2856 1196 2922 unius,
1255 2854 1349 2909 s'ed
1423 2854 1712 2909 multorum
1769 2853 2045 2909 violentia.

453 2950 770 3020 Ubicunque
812 2946 868 3001 in
922 2945 1096 3002 vadiis
1149 2943 1444 2999 advocatus
1501 2943 1712 2997 tertium
1767 2943 2049 2998 denarium

455 3038 616 3095 debet
642 3036 862 3102 habere,
894 3032 1254 3090 communiter
1279 3031 1520 3086 minister
1565 3031 1796 3100 abbatis,
1828 3038 1882 3086 et
1937 3031 2049 3086 mi-

452 3127 617 3184 nister
645 3123 891 3184 advocati
945 3121 1164 3180 vadium
1220 3120 1418 3175 debent
1472 3119 1776 3190 oppretiare
1811 3137 1822 3174 :
1883 3119 2048 3175 modo

2235 1961 2348 2017 Sub
2377 1961 2462 2017 his
2488 1961 2679 2019 diebus
2707 1961 2970 2033 Eidertus,
3000 1963 3197 2022 nobilis
3237 1964 3577 2032 adolescens,
3637 1963 3758 2020 bel-

2162 2049 2266 2106 lico
2299 2050 2409 2105 ictu
2446 2051 2555 2107 vita
2577 2051 2866 2119 decedens,
2895 2053 2954 2106 in
2981 2054 3179 2127 agonia
3209 2054 3411 2125 positus
3439 2053 3500 2110 S.
3539 2055 3754 2109 Petrum

2160 2147 2510 2210 sanctumque
2538 2140 2848 2196 Ursmarum
2877 2140 3093 2198 devovit
3144 2142 3246 2197 sibi
3301 2142 3597 2210 heredem,
3629 2144 3755 2214 qui-

2159 2234 2261 2290 bus
2288 2235 2473 2291 omnia
2511 2234 2650 2305 juris
2677 2236 2758 2291 sui
2813 2237 3112 2310 possessiva
3161 2237 3376 2308 reliquit
3429 2237 3502 2293 ad
3552 2238 3639 2292 sui
3667 2255 3753 2294 re-

2160 2323 2362 2394 quiem.
2394 2325 2521 2380 Post
2548 2324 2834 2380 triennium
2889 2325 3065 2382 obitus
3117 2327 3235 2397 ejus
3279 2324 3487 2398 perlato
3525 2342 3752 2399 corpore

2159 2413 2318 2484 hujus
2371 2413 2432 2468 B.
2492 2414 2704 2485 patroni
2743 2414 2907 2470 nostri
2965 2415 3220 2484 Ursmari,
3267 2416 3450 2471 omnia
3506 2416 3751 2488 legitime

2160 2502 2522 2574 pervadimus,
2554 2517 2650 2558 seu
2677 2502 2734 2556 in
2760 2510 2998 2558 nostram
3036 2503 3425 2575 possessionem
3471 2505 3750 2560 converti-

2157 2607 2297 2660 mus,
2328 2589 2572 2662 legitimo
2595 2591 2745 2662 jure;
2804 2591 2899 2646 sed
2943 2591 3272 2664 praecipuum
3328 2591 3458 2647 illud
3487 2592 3746 2649 allodium

2157 2681 2342 2752 Asgup
2371 2679 2730 2757 nominatum,
2761 2695 2870 2737 non
2899 2689 2979 2737 est
3005 2681 3204 2738 veritus
3246 2689 3429 2737 sancto
3485 2681 3746 2752 nobisque

2155 2769 2521 2826 contradicere
2575 2770 2927 2826 consobrinus
2981 2769 3124 2825 illius
3175 2770 3296 2826 licet
3324 2769 3522 2840 injuste
3550 2771 3746 2826 Henri-

2156 2875 2250 2915 cus
2277 2858 2576 2926 Marbasize,
2610 2873 2709 2930 pro
2757 2875 2863 2930 quo
2908 2866 3099 2916 vestrm
3136 2858 3411 2932 dignitatis
3465 2860 3745 2915 excellen-

2156 2946 2286 3002 tiam
2341 2963 2436 3001 seu
2491 2946 2831 3002 clementiam
2895 2945 3264 3018 imploramus,
3323 2955 3586 3018 quatenus
3635 2949 3748 3019 ejus

2156 3035 2556 3104 excellentiam,
2616 3051 2737 3106 qua
2791 3034 2966 3092 adhuc
3042 3035 3198 3091 nobis
3263 3036 3478 3104 resistit,
3531 3054 3602 3092 ex
3651 3039 3747 3092 hoc

2155 3125 2391 3181 coerceri
2447 3123 2820 3195 impetremus.
2848 3125 2929 3180 De
2973 3131 3188 3192 caetero,
3229 3141 3297 3180 ne
3349 3133 3534 3181 nostra
3584 3142 3745 3180 exse-

449 3215 698 3273 advocati
751 3214 879 3268 hinc
931 3227 991 3268 se
1045 3217 1317 3282 separant,
1349 3216 1402 3263 et
1431 3207 1728 3264 secundum
1761 3207 2043 3264 arbitrium
2075 3223 2124 3288 ρ
2153 3213 2376 3270 cremini
2404 3213 2762 3283 multiloquia,
2817 3212 2912 3268 ﬁat
2965 3213 3316 3283 querimonia;
3369 3221 3564 3271 ηοω-ε
3591 3215 3745 3269 σιω-

453 3322 610 3362 suum
629 3304 779 3378 leges
805 3317 929 3358 suas
957 3315 1030 3356 ex
1076 3298 1288 3371 integro
1344 3297 1632 3366 accipiunt.
1695 3297 1894 3352 Praeter
1931 3297 2048 3352 haec

451 3409 582 3452 vero
611 3408 734 3464 quin
783 3389 1038 3456 diximus,
1080 3385 1153 3442 ita
1191 3386 1348 3442 nobis
1401 3385 1622 3456 quidam
1679 3387 1870 3440 horum
1925 3392 2048 3440 sunt

449 3481 653 3557 infesti,
683 3488 744 3538 ut
770 3478 872 3534 nisi
900 3475 1186 3549 quotannis
1228 3474 1505 3546 quidpiam
1553 3475 1790 3528 muneris
1818 3474 1886 3529 ad
1916 3474 2048 3530 libi-

452 3579 566 3628 tum
593 3585 751 3626 suum
779 3585 812 3624 a
839 3567 996 3624 nobis
1015 3564 1336 3636 acceperint,
1371 3563 1532 3619 etiam
1553 3562 1699 3635 ipsas
1724 3579 1836 3620 suae
1863 3563 2050 3618 defen-

2155 3303 2296 3358 sula.
2335 3303 2462 3358 Fiat
2479 3319 2599 3374 pax
2617 3303 2681 3358 in
2702 3303 2916 3358 virtute
2947 3303 3062 3367 Im.
3095 3308 3149 3357 et
3173 3303 3250 3358 sic
3277 3303 3376 3357 erit
3420 3303 3475 3357 in
3500 3304 3732 3359 turribus

2155 3390 2351 3448 nostris
2377 3389 2726 3462 abundantia,
2767 3390 2962 3462 quibus
3014 3391 3239 3464 singulis
3282 3390 3436 3446 annis
3490 3391 3742 3448 deﬁciunt

2157 3479 2322 3536 etiam
2349 3479 2621 3538 victualia.

1765 3913 1948 3959 INTRA.
1967 3914 2164 3957 ANNUH
2199 3913 2427 3958 IC-ICX

691 3973 1869 4224 ADELGORIUS
2005 4122 2264 4221 sm;
2402 4061 3499 4218 ADELGOTUS

1465 4373 2012 4434 ARCIEPISCOPUS
2064 4372 2707 4431 MAGDEBURGENSIS

781 4723 1968 4870 ADELGOBII
2049 4723 2332 4863 ET
2413 4716 3408 4862 ALIORUM

1790 4982 2422 5090 EPISTOLA
2532 4988 2539 4992 ’

628 5214 722 5271 ΑΒ
758 5207 1140 5271 EPISCOPOS
1171 5205 1518 5274 SAXONTE,
1559 5204 1876 5262 ΒΚΑΝοῐῶ
1925 5201 2456 5272 LOTHARJNGLE,
2501 5199 2590 5258 ET
2629 5198 2868 5258 OMNES
2907 5197 3180 5256 CHRISTI
3217 5193 3526 5255 FIDELES.

898 5363 1203 5424 Auxilium
1219 5364 1427 5436 petunt
1455 5359 1721 5418 adversus
1747 5373 1997 5432 pagano:
2027 5357 2146 5432 ,qui
2173 5355 2524 5415 Christiano:
2543 5352 2932 5414 crudelissime
2959 5349 3270 5410 cadebant.

816 5514 1020 5590 (Edidit
1045 5516 1188 5574 Dom
1215 5515 1490 5573 Manum:
1525 5512 1719 5588 Ampi.
1761 5511 1990 5571 Collect.
2024 5518 2063 5568 t.
2093 5508 2140 5581 Ῑ,
2181 5508 2288 5568 col.
2319 5511 2444 5580 626,
2475 5523 2546 5566 ex
2582 5523 2684 5564 ms.
2715 5503 2900 5563 codice
2929 5498 3361 5575 Graﬂ'chatensi.)

1942 5665 2252 5688 ﬂ

513 5832 893 5912 Anni-6032318,
923 5828 1027 5888 Dei
1052 5831 1227 5912 gratia
1270 5822 1789 5912 ﬂagadaburgensis
1824 5823 1998 5886 archi-

2103 5817 2566 5902 Nuenhurrensjs,
2614 5817 2960 5902 ηιιινιοεε
2994 5811 3292 5902 nam,
3322 5808 3496 5902 me}:
3532 5804 3712 5902 ω.

449 5885 758 5976 episcopus,
785 5885 1086 5962 niuatis“
1096 5885 1578 5976 nausiam,
1605 5885 1996 5960 suum;
2103 5885 2404 5974 borgemii',
2477 5885 2818 5956 nini-curn
2880 5885 3392 5962 Brandehurgensis,
3448 5885 3601 5945 Οπο
3629 5899 3709 5945 co-
