3882 6414
143 401 257 459 483

1290 396 1510 455 EPIST.
1554 394 1644 453 AD
1681 396 1920 454 OMNES
1963 392 2252 453 FIDELES

3328 398 3434 457 486

144 545 266 583 mes
295 547 311 596 ;
344 532 671 586 Luoomcus
695 537 748 585 et
772 528 1003 583 universi
1041 526 1313 583 orientalis
1342 525 1578 580 Saxonia
1606 539 1729 578 ma-
1759 524 1813 582 A
1844 530 1946 576 cat.
1980 521 2119 590 Quia
2148 522 2298 577 fortis
2333 539 2449 577 sum
2472 539 2595 596 ego,
2654 522 2907 594 quoniam
2963 523 3225 579 Dominus
3272 524 3429 580 forti-

141 616 298 685 jores
325 626 379 672 et
405 619 657 688 minores,
715 619 1082 672 Raermsnoo
1137 613 1431 669 venerabili
1487 613 1740 682 episcopo

148 707 576 763 Halberstetensi
636 750 650 776 ,
684 707 1059 762 Euxwaan'ro
1143 701 1453 758 Corbeiensi
1536 698 1739 767 abbati,

143 796 426 850 Ilemntco
454 794 935 857 Paderbrunnensi,
970 794 1037 847 N.
1095 790 1379 857 Mindcnsi,
1440 790 1742 844 Fntnemco

146 884 556 956 archiepiscopo
587 882 914 950 Coloniensi,
952 883 1021 935 N.
1079 879 1330 950 Aquensi,
1363 877 1409 934 Ο
1440 876 1740 942 Leodiensi,

145 972 220 1027 G.
281 973 692 1044 Lutaringorum
749 971 890 1037 duci,
966 970 1300 1024 Reoresnro
1355 966 1743 1038 gloriosissimo

151 1061 659 1133 Flandringensium
735 1059 938 1127 comiti,
998 1059 1295 1112 Lmsnnro
1344 1055 1741 1120 archidiacono,

149 1150 515 1203 Bunlcnowo
561 1146 1099 1218 circumspectissimo
1128 1143 1437 1215 praeposito,
1487 1150 1541 1197 et
1592 1142 1744 1196 Tm-

150 1252 377 1292 cmuno
406 1237 602 1309 insigni
655 1237 995 1307 philosopho,
1028 1241 1081 1288 et
1108 1232 1361 1287 omnibus
1387 1229 1578 1286 Christi
1606 1228 1744 1283 ﬁde-

150 1324 315 1394 libus,
347 1326 633 1397 episcopis,
675 1324 978 1391 abbatibus,
1012 1321 1309 1387 monachis,
1366 1319 1622 1385 eremitis,
1652 1334 1744 1372 re-

150 1414 335 1482 clusis,
396 1413 715 1485 przepositis,
766 1412 1051 1479 canonicis,
1112 1409 1338 1477 clericis,
1391 1406 1741 1477 principibus,

152 1502 435 1569 militibus,
502 1501 956 1567 ministerialibus,
1005 1498 1306 1565 clientibus,
1391 1496 1747 1564 omnibusque

151 1590 457 1661 majoribus
484 1597 537 1644 et
564 1590 881 1658 minoribus,
923 1587 1285 1654 dilectionem,
1345 1585 1662 1653 orationem,
1695 1590 1748 1637 et

147 1679 213 1734 in
243 1678 475 1749 idipsum
506 1678 751 1733 salutem.

223 1806 554 1863 Multimodis
601 1821 935 1879 paganorum
970 1800 1408 1875 Oppressionibus
1437 1808 1491 1855 et
1517 1798 1747 1855 calami-

147 1897 352 1954 tatibus
381 1895 675 1950 diutissime
714 1894 975 1966 oppressi,
1034 1892 1101 1948 ad
1130 1899 1360 1948 vestram
1416 1908 1505 1945 sus

146 1984 595 2053 misericordiam,
651 1991 910 2053 quatenus
991 1979 1247 2036 Ecclesiae
1317 1979 1501 2034 matris
1554 1985 1744 2035 vestrm

146 2075 433 2130 nobiscum
464 2073 754 2128 sublevetis
771 2073 1001 2126 ruinam.
1053 2074 1456 2125 lnsurrexerunt
1515 2068 1570 2122 in
1624 2082 1740 2134 nos,

146 2172 202 2219 et
234 2163 631 2234 praevaluerunt
673 2160 1025 2216 crudelissimi
1078 2159 1325 2231 gentiles,
1382 2157 1483 2212 viri
1542 2155 1743 2224 absque

146 2250 542 2317 misericordia,
602 2256 656 2304 et
709 2248 777 2304 de
830 2247 1234 2302 inhumanitatis
1289 2262 1399 2301 sum
1453 2245 1747 2316 gloriantes

144 2339 380 2406 malitia,
412 2338 663 2393 ecclesias
700 2336 894 2392 Christi
946 2336 1249 2391 idololatria
1304 2333 1741 2405 profanaverunt,

148 2426 345 2483 altaria
375 2426 617 2481 demoliti
648 2432 787 2492 sunt,
848 2431 901 2478 et
929 2424 1073 2493 quod
1102 2426 1338 2478 humana
1366 2437 1518 2476 mens
1545 2420 1747 2492 refugit

144 2516 358 2583 audire,
391 2514 489 2586 ipsi
547 2530 655 2569 non
702 2513 989 2567 abhorrent
1033 2512 1091 2565 in
1146 2528 1243 2566 nos
1298 2517 1623 2581 perpetrare.
1684 2509 1745 2560 In

145 2611 390 2659 nostram
446 2603 725 2674 regionem
787 2601 1080 2672 saepissime
1144 2598 1448 2665 efferantur,
1506 2597 1743 2665 nullique

150 2698 455 2765 parcentes,
515 2690 746 2762 rapiunt,
777 2690 1006 2757 cadunt,
1056 2688 1303 2755 fundunt,
1362 2694 1414 2742 et
1469 2683 1745 2755 exquisitis

148 2781 434 2837 tormentis
462 2777 724 2851 aﬂligunt,
746 2777 1004 2848 quosdam
1036 2776 1322 2842 decollant,
1343 2783 1396 2830 et
1422 2774 1599 2843 capita
1627 2772 1744 2827 dae-

147 2870 349 2925 moniis
374 2868 798 2923 suisimmolant.
838 2868 917 2921 De
956 2866 1273 2935 quibusdam
1315 2863 1608 2921 visceribus
1654 2879 1749 2916 ex-

153 2958 338 3014 tractis
366 2974 559 3013 manus
604 2956 867 3011 abscissas
893 2961 948 3008 et
998 2954 1164 3023 pedes
1210 2953 1434 3025 alligant
1465 2966 1478 3021 ;
1512 2951 1614 3007 Ubi
1644 2957 1743 3019 est,

151 3046 424 3117 inquiunt,
456 3045 601 3100 Deus
646 3044 876 3099 eorum?
897 3041 1169 3111 Quosdam
1200 3059 1256 3096 1n
1300 3040 1543 3112 patibulo
1570 3039 1748 3094 subla-

154 3143 239 3191 tos
266 3134 579 3206 permittunt
609 3132 677 3187 ad
724 3132 959 3201 majores
985 3132 1248 3186 cruciatus
1272 3129 1419 3185 omni
1448 3135 1618 3183 morte
1648 3128 1749 3181 mi-

1852 611 1978 665 tudo
1997 610 2171 679 plebis
2226 628 2356 677 suae,
2402 619 2454 665 et
2508 619 2776 683 protector
2825 612 3180 667 salvationum
3237 612 3430 668 Christi

1850 698 1931 752 sui
1951 706 2047 753 est.
2079 700 2355 770 Erumpite
2385 707 2436 755 et
2473 701 2649 755 venite
2671 716 2876 767 omnes,
2936 708 3202 756 amatores
3239 702 3432 756 Christi

1852 794 1903 840 et
1932 787 2189 853 ecclesiae,
2214 796 2267 842 et
2292 788 2427 843 sicut
2457 788 2595 844 Galli
2627 789 2694 843 ad
2723 789 3095 844 liberationem
3140 790 3433 844 Jerusalem

1852 892 1949 932 vos
1977 884 2294 945 praeparate.
2333 877 2624 931 Jerusalem
2672 884 2870 944 nostra,
2923 877 2992 932 ab
3046 877 3196 931 initio
3242 878 3430 947 libera,

1852 965 2133 1035 gentilium
2163 964 2469 1019 crudelitate
2527 965 2664 1020 facta
2692 974 2771 1020 est
2800 966 3013 1020 ancilla.
3072 966 3243 1035 Hujus
3298 967 3437 1022 muri

1852 1060 2072 1122 propter
2096 1060 2317 1122 peccata
2352 1061 2532 1109 nostra
2586 1061 2922 1108 corruerunt.
2962 1054 3069 1108 Sed
3116 1054 3270 1109 ruina
3324 1057 3441 1111 haec

1853 1141 1952 1194 sub
1982 1157 2144 1196 manu
2174 1149 2369 1209 vestra,
2431 1150 2690 1211 quatenus
2715 1142 2923 1211 lapides
2977 1142 3198 1211 pretiosi
3251 1138 3440 1199 omnes

1854 1229 1992 1283 muri
2023 1229 2141 1298 ejus
2159 1236 2212 1285 et
2256 1237 2425 1284 turres
2452 1230 2745 1284 Jerusalem
2799 1230 3034 1302 gemmis
3087 1228 3435 1286 ediﬁcentur.

1855 1318 2050 1372 Platore
2079 1319 2195 1388 ejus
2223 1325 2523 1373 sternantur
2565 1334 2694 1374 auro
2715 1318 2935 1381 mundo,
2968 1326 3022 1373 et
3038 1334 3153 1388 prae
3171 1319 3439 1376 horrendo

1853 1406 2031 1460 sonitu
2048 1407 2331 1478 gentilium
2372 1408 2426 1460 in
2456 1415 2742 1476 conspectu
2793 1407 3090 1479 Pripegalae
3117 1414 3358 1463 cantetur
3384 1409 3438 1463 in

1854 1519 1919 1557 ea
1947 1504 2210 1558 canticum
2266 1504 2484 1571 laatitize,
2534 1512 2585 1558 et
2630 1520 2728 1573 pro
2759 1504 3126 1560 immolatione
3179 1505 3248 1559 de
3280 1506 3438 1560 Chri-

1855 1592 2013 1646 stiani
2066 1592 2341 1664 sanguinis
2389 1591 2665 1660 eﬂ‘usione,
2750 1608 2966 1648 carnem
3022 1601 3077 1647 et
3120 1594 3439 1664 sanguinem

1855 1688 2017 1744 edant
2044 1706 2306 1758 pauperes
2334 1698 2387 1744 ct
2428 1698 2746 1758 saturentur,
2768 1698 2826 1745 ut
2868 1690 3092 1745 laudetis
3147 1692 3437 1747 Dominum

1857 1778 1946 1847 qui
1976 1778 2242 1846 requiritis
2295 1795 2439 1844 eum,
2498 1779 2786 1849 vivantque
2841 1779 2897 1832 in
2947 1779 3200 1833 saeculum
3258 1781 3439 1835 seaculi

1509 1889 1747 1961 pimmus
1773 1876 1825 1936 Β
1856 1866 2017 1921 corda
2036 1874 2228 1933 vestra,
2261 1874 2317 1921 ut
2347 1882 2452 1923 non
2483 1865 2695 1922 deficiat
2722 1866 2790 1922 de
2844 1882 2936 1922 ore
2965 1875 3143 1925 vestro
3199 1868 3435 1939 alleluia,

1852 1954 2084 2010 alleluia.

1922 2096 2002 2152 Ad
2031 2098 2133 2152 hoc
2160 2097 2362 2153 bellum
2410 2096 2631 2153 devotas
2659 2096 2814 2154 offert
2841 2115 3033 2155 manus
3082 2116 3205 2156 cum
3235 2100 3436 2173 populo

1850 2202 1947 2241 suo
1975 2202 2070 2241 rex
2100 2186 2366 2240 Dacorum
2396 2194 2449 2240 et
2475 2187 2563 2242 alii
2596 2188 2863 2258 principes
2892 2205 2987 2260 per
3013 2189 3284 2244 cicuitum.
3321 2190 3441 2262 Ipse

1852 2284 2013 2338 etiam
2044 2300 2139 2337 rex
2168 2292 2364 2349 noster,
2400 2285 2558 2354 hujus
2603 2284 2729 2339 belli
2760 2294 2962 2351 auctor,
3014 2303 3136 2341 cum
3190 2288 3443 2342 omnibus

1853 2388 1987 2442 quos
2014 2372 2207 2443 poterit
2242 2372 2505 2428 adducere
2558 2374 2989 2445 promptissimus
3046 2374 3147 2430 erit
3203 2376 3435 2446 adjutor.

1854 2460 2092 2515 Sabbato
2123 2460 2177 2513 in
2208 2460 2549 2515 hebdomade
2578 2461 2940 2533 Rogationum
2995 2462 3095 2517 erit
3145 2472 3441 2520 conventus

1850 2556 2029 2603 noster
2056 2548 2384 2615 Mersburch,
2417 2556 2469 2604 et
2487 2548 2791 2620 ubicunque
2846 2550 2901 2605 in
2930 2551 3174 2607 orientali
3202 2551 3440 2609 Saxonis

1851 2644 2154 2707 opportuna
2180 2637 2441 2691 habemus
2460 2637 2595 2693 loca.

1924 2776 2254 2833 Sanctissimi
2294 2777 2495 2846 Patres,
2546 2778 2813 2845 monachi,
2839 2779 3077 2836 eremitae
3130 2786 3289 2851 atque
3344 2796 3437 2838 re-

1851 2866 2002 2933 clusi,
2050 2866 2311 2935 optimam
2358 2874 2564 2936 partem
2618 2884 2740 2923 cum
2796 2869 2962 2923 Maria
3013 2869 3293 2942 elegistis;
3344 2873 3438 2928 sed

1854 2955 1979 3024 quia
2028 2971 2170 3009 nunc
2226 2962 2434 3026 tempus
2488 2954 2561 3009 ita
2626 2956 2814 3028 exigit,
2868 2956 2936 3012 de
2973 2958 3440 3028 contemplationis

1853 3052 2029 3122 quiete
2058 3068 2181 3106 cum
2227 3053 2432 3106 Martha
2461 3052 2787 3125 surgendum
2844 3061 2923 3108 est
2958 3054 3132 3123 vobis,
3183 3056 3438 3125 quoniam

1856 3140 2107 3195 fratribus
2153 3140 2340 3195 vestris
2394 3140 2685 3211 plurimum
2742 3141 2984 3209 turbatis,
3063 3159 3183 3199 cum
3231 3145 3442 3201 Martha

149 3222 521 3279 serabiliorem
556 3220 721 3277 vitam
761 3221 1085 3291 pertrahere,
1116 3236 1238 3274 cum
1266 3218 1374 3275 viVi
1404 3217 1664 3289 αερίοὶαῐιῑ
1692 3233 1747 3271 $0
1777 3227 1827 3290 Ο
1856 3228 2148 3284 admodum
2178 3228 2476 3283 necessaria
2502 3237 2582 3283 est
2598 3229 2785 3285 Maria.
2812 3230 2977 3285 Vobis
3006 3231 3295 3302 loquimur,
3327 3232 3439 3289 imo

151 3328 254 3385 per
281 3310 663 3368 abscissionem
705 3308 1038 3381 singulorum
1095 3307 1465 3363 membrorum
1513 3303 1743 3360 mortiﬁ-

151 3399 287 3466 cari,
320 3407 373 3454 et
398 3397 467 3454 ad
493 3398 739 3454 ultimum
788 3413 927 3452 caeso
954 3403 1137 3452 ventre
1194 3393 1570 3450 miserabiliter
1625 3393 1744 3448 evi-

153 3488 377 3545 scerari.
409 3486 769 3557 Quamplures
820 3501 974 3540 vivos
994 3484 1287 3552 excoriant,
1313 3490 1367 3538 et
1411 3490 1529 3538 cute
1560 3481 1749 3552 capitis

152 3577 442 3645 abstracta,
500 3578 605 3631 hoc
655 3574 820 3630 modo
840 3573 1001 3628 lavati
1056 3573 1112 3628 in
1141 3571 1559 3629 Christianorum
1614 3569 1748 3625 ﬁnes

150 3670 462 3737 erumpunt,
494 3671 549 3719 et
574 3679 632 3719 se
670 3663 997 3718 Christianos
1015 3662 1351 3728 mentientes,
1403 3660 1609 3732 pnedas
1639 3660 1746 3713 im-

151 3770 299 3827 pune
329 3753 572 3826 abigunt.
603 3751 842 3807 Fanatici
871 3758 1048 3805 autem
1071 3750 1282 3805 illorum
1313 3748 1746 3819 quotiescomes-

150 3851 452 3908 sationibus
498 3867 689 3907 vacare
720 3849 867 3917 libet,
899 3848 1062 3904 Ferus
1116 3847 1173 3901 in
1200 3846 1374 3915 dictis,
1430 3846 1623 3918 capita,
1656 3846 1745 3901 in-

152 3941 363 4012 quiunt,
395 3940 509 3996 vult
535 3947 715 3995 noster
751 3937 1055 4008 Pripegala.
1084 3935 1403 4006 Hujusmodi
1451 3932 1564 3990 ﬁeri
1589 3950 1748 4006 opor-

153 4047 228 4096 tet
255 4038 534 4095 sacritlcia.
586 4036 891 4109 Pripegala,
948 4042 1008 4090 ut
1059 4034 1225 4101 aiunt,
1285 4032 1509 4104 Priapus
1561 4040 1641 4088 est
1696 4039 1749 4088 et

150 4129 490 4201 Beelphegor
516 4125 861 4198 impudicus.
882 4124 1031 4178 Tunc
1058 4121 1333 4177 decollatis
1354 4129 1477 4177 ante
1498 4121 1749 4192 profana-

150 4218 316 4274 tionis
352 4233 463 4273 suae
518 4232 638 4271 aras
689 4211 1018 4280 Christianis,
1078 4219 1132 4266 et
1192 4209 1472 4266 horrendis
1525 4209 1749 4264 vocibus

148 4316 418 4371 ululantes
450 4333 462 4369 :
496 4316 752 4386 Agamus,
784 4309 1048 4381 inquiunt,
1083 4308 1196 4363 dies
1225 4308 1444 4376 laetitiae,
1477 4307 1647 4364 victus
1669 4314 1749 4362 est

153 4405 411 4470 Christus,
442 4402 575 4459 vicit
594 4400 878 4473 Pripegala
905 4397 1389 4455 victoriosissimus.

222 4537 545 4611 Hujusmodi
603 4535 921 4593 aﬁlietiones
965 4533 1079 4590 sine
1102 4531 1467 4588 intermisione
1522 4530 1610 4587 vel
1667 4537 1742 4585 to-

150 4629 389 4687 leramus
408 4628 494 4684 vel
525 4626 895 4693 formidamus,
954 4623 1209 4694 quoniam
1230 4638 1323 4678 eos
1378 4635 1593 4692 semper
1611 4635 1742 4691 pro-

150 4726 307 4801 gredi
336 4734 390 4783 et
417 4726 471 4781 in
501 4723 752 4781 omnibus
804 4720 1207 4795 ingemiscimus
1250 4719 1391 4775 bene
1419 4716 1741 4790 prosperari.

152 4826 359 4897 Itaque,
390 4825 581 4881 fratres
624 4821 941 4890 charissimi,
975 4820 1134 4877 totius
1180 4818 1452 4885 Saxoniaa,
1484 4816 1742 4885 Franciae,

150 4912 498 4987 Lutaringiaa,
530 4911 815 4979 Flandriaa,
873 4908 1133 4980 episcopi,
1165 4906 1345 4964 clerici
1374 4913 1429 4961 et
1473 4903 1743 4975 monachi,

153 5010 221 5067 de
248 5010 408 5068 bonis
434 5010 627 5067 sumite
673 5007 1005 5078 exemplum,
1039 5012 1093 5061 et
1137 5004 1414 5061 Gallorum
1452 5003 1747 5059 imitatores

153 5108 209 5165 in
237 5112 342 5167 hoc
368 5109 530 5166 etiam
559 5115 724 5164 estote
758 5127 770 5163 :
805 5107 1031 5163 clamate
1074 5106 1179 5160 hoc
1209 5103 1264 5159 in
1292 5102 1533 5158 ecclesiis
1564 5121 1577 5157 :
1612 5101 1748 5158 San-

152 5205 378 5265 ctiﬁcate
413 5206 701 5278 jejunium,
759 5212 947 5261 vocate
984 5210 1203 5268 coetum,
1262 5209 1592 5274 congregate
1646 5215 1745 5270 po-

154 5306 361 5377 pulum,
393 5303 711 5361 annunciate
753 5303 874 5371 hoc,
897 5308 951 5357 et
978 5299 1217 5356 auditum
1269 5297 1428 5354 facite
1458 5300 1513 5353 in
1559 5296 1745 5355 omni-

152 5401 256 5458 bus
284 5401 524 5458 terminis
551 5398 878 5472 praalationis
908 5405 1116 5455 vestrae.
1151 5395 1489 5453 Sanctificate
1518 5396 1741 5464 bellum,

153 5492 400 5549 suscitata
427 5490 693 5547 robustos.
735 5488 948 5560 Surgite
1004 5486 1275 5558 principes
1322 5493 1507 5542 contra
1561 5485 1740 5539 inimi-

152 5601 245 5643 cos
273 5586 485 5654 Christi,
535 5584 752 5656 arripite
797 5583 1033 5653 clypeos,
1092 5579 1455 5653 accingimini,
1486 5577 1583 5634 ﬁlii
1632 5593 1738 5650 po-

154 5691 342 5754 tentes,
372 5691 427 5741 et
452 5681 630 5743 venite
675 5696 864 5738 omnes
891 5680 993 5737 viri
1020 5679 1324 5737 bellatores.
1383 5676 1632 5734 Inﬁrmus
1660 5676 1740 5731 di-

1851 3317 1907 3371 in
1961 3317 2119 3373 nobis
2161 3318 2400 3373 Christus
2442 3318 2675 3387 loquitur
2728 3318 2902 3374 vobis.
2964 3319 3154 3393 Surge,
3211 3337 3444 3393 propera

1852 3406 2045 3473 amica,
2097 3406 2348 3461 columba
2376 3422 2516 3467 mea.
2549 3412 2603 3461 et
2632 3406 2775 3462 veni.
2808 3406 2993 3462 Flores
3039 3408 3199 3465 bonae
3254 3425 3444 3481 opera-

1851 3495 2011 3549 tionis
2063 3501 2423 3563 apparuerunt
2474 3493 2530 3548 in
2577 3502 2715 3549 terra
2770 3494 3072 3567 principum
3116 3504 3441 3568 nostrorum,

1855 3600 2066 3663 tempus
2094 3592 2382 3663 putationis
2427 3591 2645 3645 advenit
2700 3591 3037 3659 idololatriae,
3066 3609 3175 3650 vox
3231 3596 3445 3652 turturis

1854 3680 2034 3737 audita
2062 3686 2160 3744 est,
2193 3679 2446 3749 quoniam
2488 3687 2633 3735 casta
2660 3687 2832 3735 mater
2858 3681 3097 3737 Ecclesia
3141 3682 3445 3756 ingemiscit

1854 3780 1921 3835 de
1952 3778 2269 3835 idololatria:
2289 3779 2572 3849 spurcitiis.
2612 3780 2785 3835 Nemo
2817 3779 3062 3835 accendit
3086 3781 3360 3839 lucernam
3390 3790 3444 3840 et

1854 3869 2007 3941 ponit
2059 3868 2158 3923 sub
2215 3868 2416 3936 modio,
2472 3867 2566 3922 sed
2620 3884 2782 3939 super
2832 3868 3235 3937 candelabrum,
3275 3879 3333 3925 ut
3352 3872 3444 3943 qui

1854 3955 2227 4029 ingrediuntur
2253 3956 2437 4011 lumen
2472 3954 2707 4012 videant.
2739 3957 2937 4011 Luceat
2990 3956 3082 4011 lux
3112 3965 3289 4013 vestra
3341 3973 3443 4015 co-

1850 4062 1967 4101 ram
1997 4044 2323 4109 hominibus,
2356 4051 2413 4098 ut
2440 4044 2658 4101 videant
2684 4059 2848 4113 opera
2874 4051 3049 4101 vestra
3075 4043 3237 4101 bona.
3255 4046 3428 4121 Surge

1853 4134 2054 4203 itaque,
2086 4149 2284 4202 sponsa
2313 4132 2524 4197 Christi,
2550 4140 2603 4187 et
2620 4132 2764 4187 veni.
2799 4132 2965 4188 Sonet
3001 4149 3107 4188 vox
3139 4142 3226 4190 tua
3255 4137 3310 4190 in
3337 4152 3440 4192 au-

1852 4222 2002 4278 ribus
2029 4222 2221 4278 Christi
2251 4220 2511 4288 ﬁdelium,
2573 4229 2833 4291 quatenus
2881 4237 3068 4277 omnes
3125 4221 3194 4277 ad
3250 4225 3441 4281 Christi

1853 4319 2104 4374 festinent
2130 4318 2353 4385 bellum,
2395 4317 2589 4373 Christi
2645 4317 2907 4373 mihttbus
2950 4319 3169 4375 veniant
3194 4320 3249 4374 in
3304 4320 3434 4392 adju

1852 4407 2068 4463 torium.
2102 4406 2342 4463 Gentiles
2387 4406 2471 4461 isti
2500 4406 2719 4475 pessimi
2764 4414 2904 4475 sunt,
2936 4407 3031 4461 sed
3060 4413 3199 4464 terra
3251 4424 3439 4465 eorum

1852 4505 2077 4575 optima,
2108 4519 2288 4569 carne,
2314 4503 2494 4571 melle,
2528 4502 2789 4559 farina...
2821 4501 3030 4571 avibus,
3088 4502 3203 4557 etsi
3258 4518 3441 4559 exco—

1769 4581 1823 4642 D
1853 4604 2009 4671 tatur,
2050 4601 2292 4657 omnium
2337 4600 2405 4656 de
2468 4607 2605 4655 terra
2658 4598 2899 4657 ubertate
2943 4606 3316 4672 proventuum,
3367 4601 3443 4659 ita

1850 4706 1909 4754 ut
1958 4697 2108 4753 nulla
2153 4696 2204 4752 ei
2260 4696 2429 4769 possit
2455 4697 2778 4768 comparari.
2812 4696 2903 4753 Sic
2931 4695 3081 4752 aiunt
3122 4696 3201 4752 illi
3246 4698 3441 4768 quibus

1852 4805 1980 4855 nota
2007 4803 2105 4851 est.
2138 4794 2499 4867 Quapropter,
2530 4811 2564 4851 ο
2586 4795 2851 4861 Saxones,
2875 4795 3435 4871 Franci,Lotharingi,

1852 4892 2229 4966 Flandrigense
2283 4891 2629 4947 famosissimi
2668 4898 2721 4947 et
2762 4889 3056 4948 domitores
3110 4893 3318 4962 mundi,
3348 4893 3438 4951 hic

1853 4982 2095 5057 poteritis
2122 4989 2175 5037 et
2203 4979 2412 5036 animas
2439 4987 2644 5037 vestras
2668 4980 3006 5049 salvifacere,
3030 4987 3084 5036 et
3127 4981 3173 5037 si
3202 4982 3275 5039 ita
3325 4984 3441 5055 pla-

1856 5089 1958 5148 cet,
2027 5079 2287 5152 Optimam
2338 5084 2531 5134 terram
2578 5076 2646 5131 ad
2692 5077 3101 5135 inhabitandam
3139 5081 3435 5151 acquirere.

1855 5177 1959 5249 Qui
1998 5177 2184 5235 Gallos
2211 5175 2280 5231 ab
2309 5182 2551 5231 extremo
2574 5174 2865 5232 Occidente
2895 5193 3207 5250 progressos
3226 5179 3282 5234 in
3306 5178 3441 5238 bra-

1852 5278 1973 5335 chio
1994 5274 2201 5330 virtutis
2228 5289 2337 5329 suae
2391 5279 2577 5328 contra
2604 5271 2852 5329 inimicos
2877 5290 3005 5331 suos
3068 5274 3124 5330 in
3150 5276 3442 5335 remotissi-

1852 5391 1943 5431 mo
1979 5371 2325 5443 triumphavit
2353 5368 2590 5439 Oriente,
2624 5370 2737 5442 ipse
2780 5370 2977 5427 tribuat
3003 5372 3161 5430 vobis
3186 5375 3440 5433 volume-

1857 5481 1964 5530 tem
2012 5478 2066 5528 et
2097 5468 2412 5542 potentiam,
2468 5469 2568 5523 hos
2621 5466 2812 5523 afﬁnes
2866 5475 2919 5524 et
2971 5466 3442 5531 inhumanissimos

1855 5570 2084 5646 gentiles
2127 5565 2440 5641 subjugare,
2498 5572 2552 5621 et
2609 5564 2666 5620 in
2711 5565 2963 5623 omnibus
3012 5565 3153 5623 bene
3208 5583 3440 5647 prospe-

1855 5691 1981 5732 rari.
