3882 6414
509 499 3753 544 M

1861 656 2019 696 CIRCA
2055 655 2248 695 ANNUM
2285 655 2442 694 MCVII

1580 822 2725 976 THEODORICI

863 1159 1444 1272 ABBATIS
1521 1159 1635 1272 S.
1718 1155 2336 1270 HUBERTI
2413 1153 3460 1268 ANDAG-INENSIS

1408 1425 1945 1502 EPISTOLA
1998 1425 2144 1498 AD
2199 1423 2896 1501 LEODIENSES.

1031 1632 1192 1706 (Vide
1221 1632 1524 1688 Chronicon
1553 1631 1610 1687 S.
1635 1629 1856 1686 Huberti
1881 1629 2298 1704 Andaginensis,
2331 1630 2652 1704 Patrologize
2684 1637 2720 1685 t.
2753 1629 2929 1698 CLIV,
2961 1626 3064 1684 col.
3099 1628 3288 1698 1428.)

927 1795 3748 1836 W

1893 1946 2044 1988 ANNO
2083 1945 2279 1986 DOMINI
2317 1945 2449 1986 MC"!

1797 2135 2544 2300 HUGO

1289 2415 2050 2491 LUGDUNENSIS
2116 2415 3044 2492 ARCHIEPISCOPUS

1464 2743 2044 2853 NOTITIA
2117 2743 2862 2855 HISTORICA

1729 2987 1898 3058 (Gali.
1946 2985 2154 3042 Christ.
2196 3002 2346 3057 nov.,
2389 2989 2480 3057 IV,
2523 2991 2612 3058 97)

589 3165 750 3238 Hugo
779 3163 864 3221 vir
923 3163 1022 3219 fuit
1065 3163 1258 3234 prima:
1289 3165 1602 3231 nobilitatis,
1661 3173 1721 3220 ut
1750 3173 1874 3236 pote
1905 3164 1996 3235 qui
2053 3180 2119 3219 ex
2147 3163 2200 3225 Α
2230 3173 2414 3234 patum
2465 3165 2649 3221 favore
2705 3165 2850 3238 regis
2905 3165 3132 3221 obtinuit
3159 3165 3340 3235 Ursio,
3383 3161 3474 3218 sed
3516 3157 3741 3216 cumineo

521 3253 848 3327 Burgundiaa
873 3254 1072 3308 ducum
1101 3254 1264 3325 stirpe
1295 3253 1601 3324 prodierat;
1625 3255 1775 3323 prior
1795 3254 1856 3309 S.
1887 3253 2122 3308 Marcelli

522 3343 916 3408 Cabilonensis,
965 3343 1096 3409 imo,
1155 3350 1213 3396 ut
1295 3343 1525 3407 videtur,
1572 3345 1888 3408 monachus,
1950 3358 2122 3412 neque

525 3432 692 3502 enim,
724 3440 784 3486 ut
837 3431 1090 3486 observat
1143 3439 1326 3486 noster
1371 3431 1648 3495 Mabillon,
1700 3431 1991 3485 verisimile
2046 3437 2126 3486 est

526 3529 651 3576 tunc
669 3521 928 3592 temporis
957 3520 1240 3575 saeculares
1293 3521 1682 3575 monachorum
1715 3519 1922 3589 priores
1952 3519 2122 3573 exsti-

523 3610 669 3665 tisse.
704 3610 844 3664 Eum
901 3609 1316 3680 Lugdunensem
1375 3609 1730 3663 camerarium
1789 3608 2026 3663 vocatR.
2061 3609 2121 3661 P.

525 3698 678 3770 Pagi,
711 3713 818 3768 quo
875 3697 1225 3752 fundamento
1257 3697 1454 3751 nescio.
1487 3697 1609 3751 Fuit
1664 3697 1860 3751 deinde
1915 3696 2127 3751 Diensis

525 3787 830 3857 episcopus,
905 3785 1047 3840 sedis
1100 3785 1411 3856 apostolicze
1467 3785 1695 3856 legatus,
1755 3783 2127 3856 Lugdunensis

527 3875 964 3946 archiepiscopus
1009 3882 1062 3930 et
1115 3874 1565 3930 cardinalisJam
1615 3873 1948 3929 ostendimus
2003 3889 2126 3928 eum

525 3964 595 4020 ad
623 3964 808 4018 sedem
839 3963 1252 4036 Lugdunensem
1301 3971 1548 4018 evectum
1577 3969 1700 4018 ante
1730 3978 1930 4016 annum
1965 3965 2122 4030 1086,

525 4059 582 4110 at
609 4068 716 4123 quo
746 4051 964 4108 deﬁnite
1021 4068 1164 4108 anno
1193 4051 1395 4121 pedum
1455 4051 1586 4106 illud
1614 4051 1926 4122 susceperit,
1983 4051 2130 4105 dictu

526 4141 746 4197 difﬁcile
796 4149 894 4196 est.
953 4143 1164 4195 Annum
1234 4143 1369 4195 1080
1420 4141 1695 4212 assignant
1739 4139 2020 4207 Baronius,
2077 4147 2130 4194 et

525 4231 596 4286 D.
629 4230 679 4285 le
709 4229 1038 4296 Laboureur,
1071 4229 1127 4283 in
1156 4229 1351 4284 Insulae
1387 4229 1640 4284 Barbarae
1667 4229 1988 4295 Ruderibus,
2005 4244 2124 4297 cap.

529 4321 620 4384 17,
644 4319 1035 4390 octogesimum
1065 4319 1360 4374 secundum
1395 4335 1557 4390 supra
1579 4318 1943 4386 millesimum,
1975 4318 2131 4373 Sam-

529 4407 798 4464 marthani
830 4407 1019 4462 fratres
1065 4415 1118 4462 et
1162 4407 1506 4463 Mabillonius
1557 4415 1755 4474 noster,
1816 4413 2130 4476 sequentem

2230 3254 2433 3324 aliquid
2451 3255 2866 3324 reprehensione
2895 3256 3116 3328 dignum
3139 3271 3255 3308 esse
3305 3250 3558 3323 Gregorio
3580 3245 3740 3301 relatum

2233 3343 2435 3412 fuisset,
2464 3344 2602 3398 datis
2632 3345 2816 3398 litteris
2837 3344 2904 3398 ad
2927 3345 3209 3416 Hugonem
3234 3342 3486 3398 Diensem
3505 3337 3739 3408 episcopum

2231 3439 2284 3487 et
2314 3440 2437 3486 tunc
2465 3432 2760 3487 Galliarum
2791 3433 3027 3505 legatum
3047 3439 3104 3487 ut
3131 3431 3198 3486 de
3228 3431 3350 3500 ejus
3377 3431 3484 3486 vita
3509 3424 3740 3494 inquireﬂ‘l,

2231 3521 2318 3575 hic
2338 3520 2626 3576 concilium
2657 3521 2852 3575 indixit
2881 3521 3088 3588 Meldis,
3111 3521 3194 3575 cui
3249 3536 3376 3575 cum
3407 3534 3460 3572 se
3489 3517 3642 3570 sistere
3679 3522 3738 3561 ι’θ-

2232 3609 2432 3664 nuisset
2460 3611 2614 3665 Ursio
2645 3611 2744 3680 (1),
2777 3610 3049 3681 depositus
3076 3615 3171 3674 est,
3201 3615 3255 3664 et
3285 3609 3342 3662 in
3370 3603 3626 3677 praesulem
3641 3597 3740 3651 elec-

2232 3706 2316 3752 tus
2345 3699 2667 3768 Arnulphes,
2719 3715 2780 3754 ac
2818 3707 2938 3770 post
2993 3698 3316 3753 electionem
3345 3695 3487 3753 venit
3531 3690 3588 3746 ad
3613 3689 3738 3755 ﬁngo-

2233 3804 2366 3844 nem
2397 3789 2679 3854 Diensem,
2709 3805 2745 3842 α
2773 3803 2876 3858 quo
2901 3787 3014 3843 Diae
3043 3793 3101 3840 ut
3119 3785 3348 3848 videtur.
3367 3774 3738 3842 consecratum!

2239 3877 2531 3933 Dominica
2548 3880 2686 3932 ante
2709 3877 2970 3932 Natalem
3003 3875 3228 3932 Domini
3235 3889 3362 3946 qua:
3389 3868 3580 3928 accidit
3597 3860 3738 3918 x1ka-

2237 3967 2688 4022 lendaslanuar.
2723 3964 2812 4021 Sic
2843 3965 2896 4020 in
2941 3963 3256 4020 collectione
3285 3961 3604 4020 conciliorum
3641 3948 3736 4006 Lab-

2235 4055 2428 4124 beana,
2455 4057 2612 4128 Hugo
2643 4054 2853 4108 Diensis
2873 4054 3155 4125 episcopus
3183 4052 3239 4108 S.
3265 4052 3330 4106 Β.
3354 4052 3413 4106 Ε.
3462 4050 3635 4119 legatus
3654 4051 3735 4128 cou-

2237 4144 2418 4200 cilium
2477 4125 2848 4199 Avenionense
2901 4142 3192 4198 celebravit
3236 4156 3380 4196 anno
3427 4140 3566 4192 1080.
3607 4128 3672 4184 Sic
3702 4125 3734 4176 in

2238 4237 2422 4289 charta
2451 4232 2727 4287 electionis
2763 4230 3012 4288 Walterii
3059 4231 3115 4285 in
3143 4229 3539 4285 Cabilonensem
3587 4217 3732 4287 episw‘

2242 4339 2390 4394 pum,
2407 4321 2562 4378 facta:
2572 4337 2722 4377 anno
2741 4321 3033 4377 incarnati
3047 4319 3334 4390 unigeniti
3360 4315 3500 4372 Verbi
3518 4305 3733 4394 1080,iul£‘_r

2240 4413 2474 4467 fautores
2532 4411 2674 4464 illius
2711 4409 2986 4464 electionis
3041 4388 3348 4463 recensetur
3365 4405 3578 4461 domum
3611 4388 3733 4450 ϐἱὺαέ·

528 4498 598 4553 D.
631 4497 698 4551 de
751 4496 1026 4550 Lemures.
1086 4497 1265 4551 Prima
1319 4497 1583 4552 sententia
1631 4496 1755 4550 inde
1803 4496 2159 4564 confutatur,

2240 4518 2350 4557 nus
2362 4500 2738 4571 archiprwsul
2751 4499 3002 4554 eximius
3009 4501 3386 4555 sacrosanch
3394 4487 3636 4548 cathedra:
3645 4481 3728 4582 Lag-

533 4587 677 4658 quod
706 4585 905 4656 ubique
931 4585 1084 4640 annis
1109 4589 1266 4652 1080,
1303 4589 1458 4656 1081,
1491 4586 1602 4641 imo
1633 4593 1686 4640 et
1730 4589 1888 4654 1082,
1919 4585 2132 4640 Diensis

530 4675 819 4747 episcopus
846 4682 1153 4730 constanter
1179 4675 1499 4744 appelletur.
1557 4673 1648 4730 Sic
1678 4674 1972 4746 Gregorius
2019 4674 2136 4742 VII,

531 4763 627 4820 lib.
658 4780 758 4834 vn,
791 4763 955 4836 epist.
1017 4765 1102 4830 12,
1136 4780 1256 4833 quae
1285 4763 1411 4819 data
1440 4771 1520 4819 est
1548 4779 1609 4818 ιιι
1629 4763 1816 4820 Nonas
1871 4764 2135 4830 Januar.,

527 4853 734 4910 ἐπάξει.
794 4867 876 4922 ιιι,
935 4851 990 4906 id
1021 4859 1101 4906 est
1128 4867 1270 4907 anno
1295 4855 1451 4920 1080,
1510 4851 1750 4906 scribens
1777 4851 2008 4907 Manassi
2045 4851 2142 4906 Re-

531 4943 706 4998 mensi
739 4940 1170 5013 archiepiscopo,
1220 4941 1294 4996 ait
1327 4959 1340 4996 :
1379 4963 1401 4990 ‹‹
1436 4941 1696 4997 Volumus
1743 4948 1793 4997 te
1813 4957 1995 4997 coram
2052 4939 2140 4995 vi-

529 5032 676 5088 cario
707 5039 908 5098 nostro,
941 5031 1126 5086 Diensi
1181 5030 1434 5086 videlicet
1464 5030 1739 5102 episcOpo,
1801 5029 1855 5084 in
1915 5030 2140 5085 concilio

532 5119 881 5194 Lugdunensi
910 5119 1022 5175 sisti
1057 5134 1070 5190 ;
1109 5142 1131 5168 ι)
1169 5127 1222 5174 et
1249 5119 1304 5174 in
1336 5119 1604 5191 vigesima
1645 5119 1770 5174 data
1804 5134 1879 5173 xv
1909 5118 2137 5175 kalmd.

534 5211 664 5266 Maii
692 5211 897 5267 indict.
929 5226 988 5264 ιιι
1022 5229 1034 5264 :
1075 5231 1096 5259 ιι
1132 5209 1279 5265 Sciat
1323 5209 1626 5264 fraternitas
1654 5217 1745 5263 tua
1792 5208 1934 5278 quod
1965 5208 2140 5277 depo-

535 5297 742 5355 sitionis
760 5299 1080 5355 sententiam
1119 5314 1152 5354 a
1189 5299 1372 5371 legato
1410 5305 1592 5353 nostro
1641 5297 1824 5352 Diensi
1882 5297 2137 5368 episcopo

538 5383 596 5439 in
619 5388 962 5461 Lugdunensi
1009 5388 1240 5444 concilio
1296 5388 1589 5458 prolatam,
1640 5402 1740 5442 nos
1785 5387 1840 5441 in
1895 5387 2142 5442 Romana

541 5477 744 5544 synodo
800 5477 1098 5548 apostolica
1137 5478 1453 5534 auctoritate
1500 5475 1853 5532 ﬁrmavimus.
1881 5499 1903 5523 ι›
1929 5475 2140 5532 Eadem

541 5559 722 5632 habet,
784 5565 880 5619 lib.
939 5581 1058 5635 vm,
1090 5567 1331 5636 epistolis
1361 5569 1446 5632 17,
1513 5569 1598 5631 18,
1633 5568 1720 5620 19.
1754 5565 1845 5620 Sic
1891 5565 2053 5618 etiam
2084 5564 2138 5618 in

544 5647 776 5706 Historia
831 5652 888 5708 S.
939 5653 1218 5724 Amulphi.
1267 5653 1611 5710 Theobaldus
1665 5653 1733 5708 de
1816 5653 2140 5709 Petra-fonte

549 5735 944 5797 Suessionensis
979 5743 1283 5815 episcOpus,
1335 5742 1469 5799 obiit
1498 5757 1640 5798 anno
1697 5745 1856 5798 1080.
1908 5742 2139 5813 Episco-

2241 4590 2536 4648 dunensis.
2569 4587 2800 4644 Vivebat
2845 4603 2976 4660 ergo
3007 4595 3129 4642 tunc
3183 4593 3235 4640 et
3253 4580 3488 4657 Lugduni
3536 4573 3728 4648 praemi;

2241 4681 2453 4736 Diensis
2481 4693 2613 4751 ergo
2638 4677 2835 4749 praesul
2891 4683 3004 4733 erat
3031 4677 3189 4748 Hugo
3217 4682 3412 4730 noster.
3442 4669 3522 4724 Sic
3545 4665 3590 4719 in
3621 4660 3728 4712 Chl'o'

2240 4770 2362 4825 nico
2391 4769 2450 4824 S.
2481 4768 2620 4823 Petri
2651 4767 2774 4822 Nivi
2814 4765 3138 4822 Senonensis
3177 4771 3388 4818 auctore
3417 4755 3570 4815 Clario
3606 4757 3728 4802 mona-

2242 4860 2362 4923 cho,
2397 4865 2433 4913 t.
2466 4873 2526 4925 ιι,
2576 4855 2786 4927 Spicil.,
2810 4871 2939 4928 pag.
2973 4856 3075 4909 747
3111 4872 3121 4907 :
3162 4874 3183 4901 «
3215 4854 3366 4906 Anno
3387 4849 3526 4932 1082,
3573 4832 3726 4932 ιιττὶίι·

2242 4947 2428 5003 lendas
2454 4944 2747 5011 Novemb.,
2781 4943 2915 5000 obiit
2966 4939 3258 4998 Walterius
3287 4931 3549 4995 Meldensis
3591 4931 3726 4996 eptsw

2242 5051 2360 5108 pus,
2386 5043 2438 5092 et
2465 5036 2520 5090 in
2543 5033 2786 5105 sequenti
2805 5032 3106 5104 septimana
3134 5031 3290 5102 Hugo
3303 5017 3720 5108 Diensisepi‘s-cOPU‘S.

2241 5105 2502 5182 Romanae
2529 5123 2785 5179 Ecclesia;
2816 5123 3040 5194 legatus,
3071 5117 3416 5191 congregavit
3457 5105 3722 5194 concilium‘m

2249 5215 2440 5272 eadem
2470 5213 2623 5282 urbe,
2646 5219 2700 5267 et
2725 5211 2996 5267 ordinavit
3033 5209 3340 5279 episcopum
3392 5205 3443 5258 in
3468 5182 3718 5282 eadem}???

2245 5267 2538 5362 festa...
2587 5267 2837 5357 abbatem
2888 5267 3144 5354 Ecclesiae
3189 5267 3531 5352 Iiesbacensis.
3560 5305 3577 5329 »ι
3601 5267 3721 5332 Habil-

2241 5391 2372 5446 lonii
2400 5387 2718 5444 sententiam
2778 5384 2936 5440 tradit
2961 5384 3047 5442 vir
3089 5389 3402 5447 celetaneus,
3449 5380 3496 5428 et
3515 5369 3650 5458 1033}?

2379 5442 2659 5533 familiaris
2691 5475 2848 5547 Hugo
2879 5471 3170 5528 Flaviniac.
3229 5471 3284 5524 in
3335 5442 3719 5547 Chronico

2239 5532 2414 5628 nensi,
2443 5561 2527 5616 his
2562 5559 2742 5617 verbis
2825 5581 2846 5606 «
2882 5556 3144 5612 Defuncto
3179 5569 3280 5625 per
3303 5553 3358 5607 id
3405 5538 3612 5614 temporis
3629 5532 3714 5593 Lat"

2239 5651 2466 5707 dunensi
2513 5648 2918 5720 archiepiscopo
3001 5643 3266 5713 Gebuino,
3315 5655 3426 5698 cum
3475 5629 3593 5720 varia

2239 5735 2487 5792 rumdam
2519 5741 2658 5792 esset
2693 5711 2900 5802 electio,
2931 5729 3180 5786 dominus
3207 5711 3359 5800 Hugo
3377 5716 3554 5781 Diensis
3575 5711 3712 5780 ρρῐεεο·

623 5889 845 5962 (1)Acta
865 5891 962 5947 SS.
994 5893 1111 5946 ord.
1144 5893 1342 5948 Bened.
1367 5910 1489 5949 saec.
1523 5911 1596 5962 vi,
1625 5901 1765 5964 part.
1799 5908 1858 5962 ιι,
1883 5911 2014 5967 pag.
2037 5896 2135 5950 531
2161 5899 2211 5950 et
2233 5894 2355 5949 536.
