3882 6404
84 388 217 446 489

1387 394 1438 450 Ν
1440 392 1674 452 ΟΤΙἸἹΑ
1710 391 2107 453 HISTORICA.

3308 392 3416 465 L90

84 532 234 586 pus,
266 515 526 571 electione
557 516 682 571 cleri
713 524 766 573 et
793 518 1000 590 populi,
1028 518 1340 575 auctoritate
1367 524 1418 572 et
1440 527 1711 591 praecepto
1737 519 1795 580 Α
1824 520 2059 575 nicatum
2092 520 2225 585 fore,
2257 517 2360 573 nisi
2388 521 2637 574 Attonem
2666 517 3017 586 cardinalem,
3047 517 3416 576 Mediolano!!-

83 611 345 667 Romani
376 612 661 684 pontiﬁcis,
694 614 747 668 in
786 616 1249 687 archiepiscopum
1297 615 1709 687 Lugdunensem

83 719 395 781 promotus
423 717 503 766 est
531 727 672 767 anno
702 713 822 768 Jesu
865 714 1081 768 Domini
1141 716 1296 770 1082.
1333 737 1355 762 υ
1418 713 1476 768 Si
1531 720 1711 768 tamen

86 814 307 854 verum
337 807 436 867 est,
468 798 612 871 quod
644 799 745 855 fert
774 809 925 856 vetus
955 800 1195 857 ecclesiae
1226 801 1633 856 instrumentum
1680 817 1713 855 a

90 888 364 945 Severtio
390 889 638 958 relatum,
680 889 861 944 sedem
911 906 1034 945 eum
1083 890 1312 946 tenuisse
1360 890 1513 946 annis
1555 905 1709 959 xxin,

86 985 393 1041 mensibus
420 1001 537 1055 VIII,
595 986 786 1041 diebus
841 1003 936 1057 vn,
990 1004 1112 1043 cum
1168 995 1374 1043 constet
1427 1003 1550 1042 eum
1603 987 1715 1043 vita

90 1073 359 1130 functum
390 1074 552 1130 fuisse
584 1074 739 1130 nonis
768 1073 1018 1131 Octobris
1039 1091 1181 1132 anno
1206 1079 1361 1145 1106,
1385 1076 1545 1130 inisse
1571 1090 1712 1131 anno

92 1165 256 1218 1083
270 1180 391 1218 cum
413 1163 481 1218 de
502 1164 650 1219 Mura
672 1163 957 1219 dicendum
980 1173 1078 1220 est.
1111 1163 1191 1219 Ad
1229 1181 1351 1219 eum
1383 1164 1580 1234 scripta
1624 1163 1713 1222 vi-

91 1258 272 1315 detur
291 1259 540 1333 Gregorii
571 1260 797 1331 epistola
818 1264 880 1316 18
911 1261 1034 1316 libri
1070 1277 1145 1331 IX,
1179 1279 1298 1332 quae
1349 1270 1493 1317 caret
1540 1260 1711 1330 titulo,

91 1356 155 1403 et
191 1348 253 1403 in
282 1366 390 1419 qua
419 1349 495 1405 sic
525 1349 761 1421 loquitur
791 1369 803 1405 :
839 1374 860 1399 «
916 1349 1271 1421 SummOpere
1321 1350 1714 1422 procurandum

94 1437 210 1492 tibi
242 1445 323 1492 est
352 1446 410 1493 ut
438 1437 494 1492 in
524 1455 725 1511 magna
751 1438 877 1493 sede
898 1438 1241 1511 Lugdunensi
1282 1455 1389 1494 non
1417 1438 1510 1493 diu
1556 1437 1716 1493 diffe-

90 1544 265 1591 ratur
295 1536 529 1593 ordinari
560 1536 912 1607 episcopus...
957 1536 1113 1606 Quod
1160 1536 1204 1591 si
1233 1536 1337 1592 cito
1384 1553 1493 1592 non
1541 1543 1716 1608 potest

92 1623 361 1696 reperiri,
407 1642 473 1681 ex
513 1626 807 1697 apostolica
864 1626 960 1681 tibi
1006 1626 1351 1697 prmeipimus
1405 1625 1717 1680 auctoritate

93 1730 166 1776 ut
196 1729 422 1794 rogatus
449 1738 482 1777 a
511 1722 765 1777 fratribus
792 1722 913 1792 tuis,
971 1730 1025 1777 et
1081 1723 1283 1777 electus
1348 1723 1417 1778 ab
1473 1722 1715 1792 ejusdem

95 1810 372 1867 Ecclesia:
392 1810 535 1881 ﬁliis,
566 1810 929 1867 indubitanter
966 1826 1296 1883 praesumens
1342 1811 1409 1865 de
1448 1811 1716 1881 adjutorio

96 1908 320 1963 caelesti
351 1907 419 1964 ad
470 1908 715 1980 regimen
758 1908 1029 1980 praedictae
1076 1908 1449 1980 Lugdunensis
1493 1908 1719 1964 accedas

95 1997 391 2065 Ecclesia,
413 1996 745 2053 imitando...
812 1999 871 2052 Β.
931 1997 1165 2066 Petrum,
1225 1996 1316 2066 qui
1384 1997 1453 2052 de
1526 1997 1722 2052 minori

96 2086 355 2141 Ecclesia
383 2086 715 2141 Antiochena
746 2086 1028 2141 translatus
1083 2092 1162 2140 est
1219 2085 1271 2139 in
1329 2085 1652 2141 Romanam.
1692 2108 1713 2134 υ

94 2172 315 2230 Scribit
342 2173 410 2229 ad
437 2190 560 2229 eum
590 2174 884 2247 Gregorius
931 2175 1027 2229 VII
1083 2193 1095 2229 :
1155 2196 1177 2223 ‹‹
1237 2173 1465 2243 Dilecto,
1526 2174 1717 2244 inquit,

97 2272 266 2327 fratri
299 2278 353 2327 et
378 2270 700 2343 coepiscopo
729 2272 843 2326 Η...
871 2270 1119 2344 Lugdun.
1151 2272 1558 2342 archiepiscopo
1605 2272 1710 2327 sal.

93 2361 299 2421 Abbas
329 2360 672 2433 praesentium
704 2360 841 2415 lator
877 2360 1059 2415 retulit
1113 2358 1272 2415 nobis
1324 2358 1567 2416 ofﬁcium
1618 2359 1720 2415 sibi

99 2448 467 2519 ecclesiaeque
488 2464 599 2503 sua:
619 2464 651 2503 a
671 2448 1001 2504 fraternitate
1019 2455 1108 2504 tua
1129 2448 1289 2503 fuisse
1311 2448 1671 2516 interdictum,
1690 2471 1712 2498 ι»

98 2547 267 2620 quod
298 2548 418 2603 loco
448 2554 642 2602 statuto
672 2547 740 2602 ad
769 2545 1128 2602 dirimendam
1185 2547 1302 2618 ejus
1356 2563 1479 2602 cum
1523 2547 1718 2602 abbate

102 2639 271 2693 Casa
297 2636 397 2690 Dei
426 2635 574 2691 litem
605 2651 661 2689 se
691 2636 877 2691 sistere
908 2636 1340 2707 contempsisset,
1366 2635 1630 2706 jubetque
1663 2643 1721 2691 ut

104 2735 161 2791 ei
197 2732 444 2791 ofﬁcium
472 2734 713 2789 restituat
731 2740 784 2788 et
811 2733 984 2788 littem
1014 2740 1326 2805 componat.

183 2854 495 2921 Anselmus,
552 2854 806 2910 Lucensis
858 2856 1095 2923 antistes,
1151 2854 1219 2908 ad
1264 2851 1427 2909 ﬁnem
1482 2852 1722 2924 epistolae

109 2953 315 3009 Pontio
345 2951 615 3007 Fraxineti
644 2950 827 3006 abbati
855 2950 995 3006 datae
1019 2958 1141 3005 ante
1171 2966 1372 3005 annum
1405 2954 1562 3017 1086,
1613 2965 1720 3020 quo

107 3041 369 3109 decessit,
396 3055 493 3095 suo
512 3040 732 3096 nomine
760 3040 978 3095 salutari
999 3039 1158 3110 jubet
1196 3040 1458 3094 domnum
1506 3038 1722 3111 Lugdu-

106 3145 343 3187 nensem
368 3128 855 3200 archiepiscopum,
888 3151 911 3176 «ι
943 3128 989 3182 si
1019 3135 1199 3182 tamen
1234 3127 1570 3183 rationabilis
1619 3143 1720 3181 ne-

1745 1876 1799 1936 B

1818 632 1929 672 sem
1960 618 2210 686 electum,
2240 617 2486 687 quamvis
2512 632 2543 672 a
2573 616 2839 692 Gregorio
2895 632 3057 690 papa,
3115 616 3233 688 ipso
3290 616 3416 674 sub-

1816 704 2101 775 scribente,
2134 705 2346 777 publice
2392 705 2915 761 excommunicatum
2971 713 3026 761 et
3071 705 3187 762 sine
3238 706 3415 778 pani-

1823 801 1987 859 tentia
2014 801 2347 872 defunctum,
2373 802 2591 859 beatum
2620 819 2736 858 esse
2781 802 3154 874 pronuntiaret
3184 817 3200 876 ;
3248 820 3415 877 seque

1820 905 1931 946 non
1956 891 2011 945 in
2040 891 2165 960 alia,
2196 891 2296 946 nisi
2327 891 2383 945 in
2412 908 2518 962 qua
2546 892 2661 964 ipse
2690 899 2786 959 est,
2818 892 2994 965 gloria
3022 892 3258 949 futurum
3286 908 3416 951 ora-

1818 1003 1901 1042 re.
1940 987 2101 1043 Addit
2128 1005 2185 1044 se
2215 990 2406 1045 horum
2436 990 2678 1045 omnium
2707 996 2867 1046 testes
2921 989 3170 1048 alvocare
3197 991 3316 1048 II...
3365 997 3421 1049 et

1820 1075 1925 1130 B...
1951 1077 2041 1147 qui
2070 1076 2157 1134 vel
2186 1078 2287 1148 ipsi
2316 1077 2383 1132 de
2413 1076 2531 1147 ejus
2558 1093 2653 1134 ore
2681 1078 2983 1147 audierunt,
3006 1078 3093 1136 vel
3123 1078 3422 1138 bonisviris

1821 1171 2016 1243 quibus
2058 1171 2422 1228 indubitanter
2465 1171 2689 1229 credunt
2733 1173 3109 1244 referentibus,
3155 1191 3213 1230 se
3259 1174 3419 1231 audi-

1821 1261 1960 1317 visse
1989 1260 2266 1316 dixerunt.
2305 1261 2549 1333 Denique
2585 1263 2836 1317 eumdem
2894 1263 3146 1319 abbatem
3205 1263 3422 1322 decreta

1821 1359 2027 1415 domini
2056 1359 2137 1415 sui
2190 1376 2347 1432 papas
2395 1361 2665 1434 Gregorii,
2725 1361 3061 1433 aliorumque
3115 1348 3422 1420 sanctorum

1822 1449 2037 1504 Patrum
2068 1449 2247 1520 palam
2277 1448 2584 1521 improbare
2641 1465 2706 1506 ac
2758 1450 3052 1507 destruere.
3112 1449 3423 1524 Smpissime

1823 1546 2142 1603 electionem
2171 1563 2323 1602 suam
2353 1562 2463 1603 non
2490 1548 2785 1603 secundum
2832 1548 3025 1619 Deum,
3078 1547 3172 1604 sed
3218 1550 3425 1606 tumul-

1821 1632 1990 1687 tuarie
2043 1631 2239 1687 factam
2285 1631 2596 1687 asseruisse.
2642 1630 2776 1701 Quae
2829 1632 3014 1688 omnia
3071 1648 3192 1688 cum
3244 1632 3423 1704 ipsum

1815 1726 2127 1799 pontiﬁcatu
2181 1729 2465 1801 indignum
2523 1729 2834 1803 probarent,
2892 1729 2996 1785 sibi
3053 1729 3278 1803 aliisque
3340 1727 3424 1789 vi-

1824 1834 1941 1872 sum
1973 1817 2135 1872 fuisse
2166 1825 2225 1872 ut
2251 1818 2533 1886 electione,
2568 1819 2723 1874 toties
2751 1818 2820 1874 ab
2850 1834 2915 1874 eo
2944 1818 3194 1889 refutata,
3227 1818 3422 1876 Eccle-

1828 1914 1921 1969 siae
1949 1913 2178 1981 reddita,
2213 1914 2311 1970 sub
2345 1921 2612 1987 praetextu
2661 1912 2983 1989 designandi
3012 1915 3273 1989 episcopi,
3331 1916 3426 1973 Ca.

1827 2032 1988 2085 puam
2024 2012 2350 2082 adeundum,
2392 2012 2573 2083 ibique
2620 2013 2924 2068 Romanum
2960 2012 3271 2084 pontiﬁcem
3322 2012 3427 2071 eli-

1823 2105 2107 2177 gendum;
2156 2117 2322 2172 seque
2377 2117 2566 2158 revera
2621 2118 2744 2157 cum
2822 2101 3018 2158 abbate
3083 2101 3423 2175 Massiliensi,

1824 2201 2057 2272 Aquensi
2103 2197 2529 2270 archiepiscOpo,
2578 2197 2802 2269 aliisque
2858 2197 3084 2254 Salerno
3159 2198 3287 2255 illuc
3342 2216 3429 2255 ve~

1825 2291 1987 2359 nisse,
2018 2288 2365 2344 Casinensem
2394 2302 2523 2342 vero
2553 2285 2805 2342 abbatem
2854 2302 2979 2342 suos
3024 2287 3254 2343 asseclas
3293 2303 3426 2358 per:-

1825 2386 2043 2459 pulisse,
2075 2392 2134 2440 ut
2161 2401 2217 2439 se
2239 2384 2307 2437 ad
2335 2381 2656 2437 sumendum
2703 2379 3076 2452 pontiﬁcatum
3125 2384 3277 2453 quasi
3310 2384 3426 2439 'co-

1823 2482 2014 2548 gerent
2045 2488 2058 2543 ;
2108 2479 2162 2528 at
2189 2488 2245 2526 se
2275 2487 2396 2526 cum
2428 2470 2685 2542 episcopo
2716 2468 2950 2525 Ostiensi
3005 2477 3059 2525 et
3100 2470 3426 2527 Witmundo

1824 2564 2109 2628 monacho,
2144 2576 2207 2616 ac
2237 2560 2357 2615 aliis
2386 2558 2504 2629 ejus
2532 2558 2849 2613 institutioni
2877 2558 3167 2627 obstitisse,
3205 2559 3309 2614 nisi
3355 2558 3426 2615 de

1825 2658 2149 2731 quibusdam
2181 2672 2302 2727 quae
2331 2662 2518 2711 contra
2547 2654 2665 2725 ejus
2703 2653 2907 2711 famam
2966 2654 3328 2727 vulgabantur
3371 2669 3431 2712 se

1825 2755 2123 2822 purgaret:
2157 2760 2282 2800 eum
2311 2759 2438 2800 vero
2476 2758 2704 2816 negasse
2758 2758 2817 2799 se
2872 2740 2930 2797 id
2986 2741 3273 2810 facturum,
3331 2742 3429 2799 ite-

1824 2861 2052 2915 rumque
2093 2843 2414 2899 electionem
2451 2856 2604 2896 suam
2649 2839 2928 2909 refutasse,
2964 2839 3148 2911 sicque
3184 2855 3428 2896 conven-

1828 2944 1938 2990 tum
1967 2933 2203 2988 solutum
2233 2930 2417 2985 fuisse.
2478 2927 2815 2985 Desiderium
2880 2929 3085 2984 interea
3139 2943 3429 2985 consecra-

1826 3022 1973 3078 tione
2000 3020 2178 3076 Alfani
2209 3019 2264 3073 in
2293 3018 2689 3074 Salernitanum
2720 3017 3054 3089 episcopum,
3084 3015 3276 3073 ducem
3323 3012 3431 3072 sibi

1830 3120 2165 3185 conciliasse,
2197 3116 2420 3187 ejusque
2451 3115 2634 3172 favore
2665 3114 2876 3185 fultum,
2936 3122 2991 3172 et
3043 3114 3267 3184 pluviali
3323 3110 3429 3171 sibi

107 3227 340 3285 cessitas
370 3243 403 3282 a
432 3226 593 3282 totius
625 3225 773 3282 orbis
816 3226 1132 3281 necessitate
1179 3232 1416 3281 excusat.
1468 3225 1527 3281 Si
1570 3225 1715 3280 enim

1829 3208 2096 3281 imposito,
2143 3207 2373 3262 Romam
2426 3204 2527 3260 iter
2581 3203 2890 3271 instituisse,
2950 3201 3205 3271 Ostiensi,
3263 3218 3431 3275 seque

108 3324 211 3372 aut
229 3315 444 3384 timore,
467 3321 559 3370 aut
575 3314 928 3386 negligentia,
961 3321 1054 3369 aut
1080 3314 1275 3384 quietis
1312 3314 1489 3369 noxia;
1535 3328 1720 3369 amore

108 3408 350 3457 matrem
376 3415 530 3454 suam
559 3399 862 3453 Romanam
892 3398 1188 3453 Ecclesiam
1219 3398 1437 3454 visitare
1479 3405 1533 3453 et
1578 3397 1720 3453 libe-

109 3512 238 3552 rare
256 3495 325 3550 de
344 3511 509 3549 manu
528 3494 716 3549 mortis
737 3491 1024 3560 distulerit,
1056 3510 1181 3548 reus
1211 3493 1313 3547 erit
1341 3493 1570 3562 judicio,
1623 3494 1725 3553 nisi

110 3586 237 3640 sine
264 3598 420 3639 mora
438 3583 623 3639 venire
652 3588 707 3636 et
734 3582 790 3636 in
819 3582 1073 3637 omnibus
1102 3582 1350 3637 auxiliari
1381 3582 1659 3637 studuerit.
1696 3604 1718 3631 ι

112 3674 294 3729 Tanta
320 3680 447 3727 tunc
477 3669 736 3741 temporis
759 3677 875 3725 erat
903 3670 1021 3740 ejus
1043 3671 1210 3738 fama,
1245 3678 1497 3741 tantaque
1543 3671 1611 3725 de
1659 3686 1725 3727 eo

115 3780 384 3844 concepta
412 3788 445 3827 a
484 3769 751 3843 Gregorio
800 3770 1148 3838 existimatio,
1197 3777 1256 3825 ut
1301 3770 1528 3825 instante
1574 3770 1726 3826 obitu

117 3869 348 3935 rogatus
375 3860 622 3931 pontifex
679 3866 739 3914 ut
782 3857 839 3913 in
895 3866 1042 3914 tanta
1092 3874 1271 3913 rerum
1326 3858 1725 3930 perturbatione

119 3965 490 4006 successorem
545 3948 875 4019 designaret,
927 3947 1087 4002 trium
1143 3946 1352 4002 dederit
1426 3947 1722 4019 Optionem,

120 4054 356 4112 quorum
407 4054 545 4092 unus
597 4037 755 4109 Hugo
810 4035 1185 4108 Lugdunensis
1257 4035 1714 4108 archiepiscopus.

121 4138 235 4195 Sed
263 4153 385 4208 qua:
412 4143 603 4207 postea
628 4134 797 4207 gessit
822 4134 890 4190 de
921 4134 1040 4204 ejus
1083 4134 1231 4190 fama
1281 4134 1573 4204 plurimum
1621 4134 1722 4189 de-

121 4234 336 4283 traxere
368 4240 383 4294 ;
414 4232 470 4280 et
496 4225 667 4280 electo
693 4223 973 4279 Desiderio
1018 4222 1216 4278 abbate
1275 4222 1570 4292 Casinensi,
1629 4223 1726 4278 ali-

121 4315 256 4388 quid
311 4313 533 4370 humani
587 4328 778 4382 passus
832 4319 930 4381 est,
1005 4311 1117 4367 imo
1200 4312 1442 4368 animum
1520 4312 1726 4367 invidia

122 4411 491 4469 exulceratum
521 4415 576 4463 et
603 4407 728 4464 odio
759 4406 1122 4463 tabescentem
1141 4408 1373 4464 ostendit
1404 4407 1460 4462 in
1498 4407 1725 4478 epistola

122 4501 197 4557 ad
221 4498 535 4555 Mathildem
562 4496 909 4564 comitissam,
942 4495 1086 4568 apud
1114 4496 1400 4569 Hugonem
1444 4496 1720 4553 Flavinia-

1831 3326 1895 3365 ac
1923 3307 2033 3363 suis
2056 3304 2369 3362 inconsultis
2398 3311 2452 3359 et
2477 3317 2724 3390 .prorsus
2780 3299 3170 3375 ignorantibus.
3230 3301 3429 3357 Verum

1831 3399 1992 3466 hunc,
2025 3396 2116 3467 qui
2147 3394 2197 3451 ei
2216 3388 2789 3459 hactenus‘restiterat,
2826 3390 3054 3449 veritum
3111 3404 3200 3459 ne,
3256 3390 3302 3445 si
3357 3388 3430 3445 ab

1832 3487 1938 3543 alio
1975 3490 2396 3552 consecraretur,
2448 3496 2546 3536 sua
2599 3479 2864 3552 dignitate
2916 3477 3233 3550 privaretur,
3294 3493 3431 3550 pro-

1830 3584 1991 3656 positi
2023 3591 2076 3639 et
2103 3583 2260 3639 facta
2314 3577 2623 3653 sponsionis
2678 3577 3057 3633 immemorem
3111 3575 3296 3632 abbati
3346 3590 3434 3633 re-

1831 3672 2196 3741 conciliatum,
2228 3668 2584 3727 reverentiam
2629 3665 2679 3722 ei
2732 3681 2833 3736 per
2891 3664 3096 3732 omnia,
3143 3664 3221 3721 uti
3276 3679 3433 3738 papae

1832 3760 2159 3819 exhibuisse.
2192 3759 2353 3814 Addit
2390 3758 2550 3830 Hugo
2598 3754 3020 3812 Flaviniaeensis
3062 3760 3271 3810 tantum
3316 3753 3430 3810 cri-

1832 3876 1958 3915 men
1985 3874 2093 3915 non
2118 3857 2210 3912 diu
2236 3856 2463 3911 inultum
2502 3853 2782 3921 mansisse,
2820 3859 3192 3909 consecratum
3240 3851 3429 3909 Victo-

1829 3965 1945 4005 rem
1974 3963 2098 4004 cum
2125 3946 2317 4002 missas
2347 3943 2491 4016 apud
2509 3943 2567 3998 S.
2592 3944 2807 3998 Petrum
2838 3940 3058 4010 diceret,
3086 3939 3230 3995 infra
3253 3941 3431 3997 actio-

1832 4055 1955 4094 nem
1980 4036 2188 4107 judicio
2216 4034 2316 4091 Dei
2343 4048 2658 4104 percussum
2688 4030 2872 4101 fuisse,
2903 4036 2957 4086 et
2985 4027 3233 4100 quamvis
3257 4028 3431 4100 tarde,

1830 4140 2244 4207 cognoscentem
2272 4146 2333 4188 se
2374 4146 2600 4199 errasse,
2658 4144 2717 4185 se
2765 4127 2943 4202 ipsum
2988 4125 3319 4199 deposuisse,
3376 4134 3434 4185 et

1831 4223 2014 4281 accitis
2042 4221 2296 4278 fratribus
2318 4219 2387 4276 de
2440 4220 2621 4276 Monte
2675 4218 2890 4288 Casino,
2949 4217 3042 4289 qui
3085 4231 3271 4273 secum
3323 4215 3429 4273 ad-

1831 4328 2001 4389 erant,
2060 4318 2378 4392 precepisse
2430 4333 2487 4372 se
2544 4316 2637 4372 illo
2689 4313 2907 4384 deferri,
2974 4321 3028 4371 et
3082 4313 3140 4369 in
3195 4313 3431 4401 capitulo

1829 4436 1940 4476 non
1968 4424 2025 4473 ut
2052 4434 2270 4491 papam,
2303 4415 2397 4471 sed
2425 4421 2485 4470 ut
2513 4414 2766 4470 abbatem
2796 4412 3032 4483 sepeliri.

1899 4527 2030 4581 Haec
2058 4540 2165 4594 quo
2188 4520 2553 4589 horribiliora,
2579 4536 2644 4577 eo
2672 4519 2851 4576 minus
2901 4517 3008 4575 ﬁde
3063 4519 3232 4594 digna
3284 4528 3429 4592 sunt,

124 4604 345 4645 causam
364 4588 421 4642 in
449 4588 650 4642 Chmn‘
683 4584 907 4641 Virdun'
953 4584 1153 4640 Scribit
1185 4585 1329 4640 enim
1377 4584 1722 4641 cmineum")
1748 4585 1804 4647 D
1831 4622 1976 4671 certe
2002 4584 2185 4668 relatis
2211 4627 2243 4666 a
2302 4584 2653 4682 scriptoribus
2705 4607 2992 4664 coaeteneis
3043 4584 3329 4681 contraria,
3384 4584 3442 4668 et

125 4688 405 4753 abbatem,
425 4692 714 4755 antequam
728 4684 842 4756 ipse
871 4683 1102 4739 Romam
1142 4682 1465 4750 advenisset,
1498 4684 1727 4739 electum

126 4777 293 4835 fuisse
327 4775 385 4830 in
414 4771 747 4847 pontiﬁcem,
786 4788 951 4843 seque
987 4779 1045 4827 ut
1064 4780 1119 4827 et
1138 4779 1361 4828 caeteros
1389 4772 1601 4842 fratres,
1632 4773 1731 4828 ho-

128 4866 337 4923 minum
364 4864 542 4936 magis
567 4878 729 4933 quam
750 4861 851 4916 Dei
884 4868 1149 4933 respectu,
1184 4860 1302 4931 ejus
1347 4860 1596 4917 electioni
1635 4878 1727 4917 as-

127 4970 344 5011 sensum
371 4952 681 5025 prebuisse.
712 4952 806 5005 Ast
840 4949 932 5005 ubi
978 4948 1158 5005 Casini
1213 4966 1337 5005 eum
1392 4951 1734 5006 convenisset

130 5051 242 5099 tam
270 5041 505 5098 nefanda
532 5056 600 5096 ex
628 5039 747 5111 ejus
774 5055 868 5095 ore
895 5055 954 5095 se
982 5037 1271 5105 audivisse,
1303 5046 1362 5095 ut
1401 5039 1579 5095 statim
1626 5037 1729 5094 de-

130 5140 474 5214 prehenderit
525 5154 688 5208 quam
745 5136 1153 5194 intolerabiliter
1206 5138 1379 5193 Deum
1433 5138 1490 5192 in
1563 5136 1732 5207 ipsius

130 5231 390 5289 electione
427 5226 794 5285 offendissent.
854 5228 990 5282 Eum
1047 5227 1250 5299 quippe
1305 5225 1505 5282 dixisse
1561 5225 1726 5297 quod,

130 5320 233 5376 nisi
260 5336 328 5375 ex
346 5317 514 5389 ipsius
536 5332 628 5372 ore
663 5314 938 5382 audiisset,
986 5332 1326 5386 nequaquam
1375 5315 1618 5372 crederet
1670 5331 1728 5371 se

129 5418 360 5475 Henrico
379 5416 523 5472 dicto
550 5415 668 5488 regi
690 5412 852 5469 ﬁdem
873 5413 1107 5482 dedisse,
1131 5414 1276 5485 quod
1295 5414 1364 5471 ad
1383 5414 1731 5471 obtinendam

132 5505 361 5564 Romani
390 5502 602 5575 imperii
632 5519 891 5559 coronam
943 5501 1174 5558 ﬁdeliter
1222 5520 1347 5559 eum
1402 5502 1730 5573 adjuvaret;

134 5595 491 5665 eamdemque
521 5608 618 5647 suo
649 5591 817 5662 ipsius
846 5589 1070 5648 consilio
1100 5599 1154 5647 et
1180 5591 1526 5664 persuasione
1554 5590 1731 5647 addu-

112 5680 278 5750 ctum
315 5690 477 5747 fuisse
524 5688 593 5745 ad
620 5688 681 5743 B.
715 5685 855 5743 Petri
885 5695 1052 5745 terras
1081 5687 1432 5745 invadendas.
1490 5687 1573 5744 Ad
1619 5689 1736 5745 haec

136 5777 193 5837 in
246 5778 328 5839 sui
380 5792 707 5847 suorumque
783 5776 1055 5834 audientis
1100 5774 1391 5847 addidisse,
1430 5777 1736 5834 Romanum

139 5880 387 5948 electum,
420 5874 661 5949 quisquis
709 5872 924 5930 tandem
972 5873 1180 5933 futurus
1217 5883 1373 5948 esset,
1424 5887 1736 5934 excommu-

456 5971 721 6036 Paraoa.
767 5966 1003 6035 CLVII.

1835 4703 1996 4760 etiam
2051 4716 2084 4757 a
2140 4698 2615 4757 verisimilitudine
2669 4694 2891 4752 omnino
2946 4696 3124 4752 aliena
3167 4695 3436 4770 videntur,

1833 4791 1977 4847 unde
2007 4797 2065 4845 ut
2094 4789 2252 4858 falsa,
2282 4794 2343 4843 ut
2369 4785 2654 4843 mendacia
2682 4784 2872 4840 saltem
2902 4784 2956 4839 in
2982 4783 3251 4856 plerisque
3299 4785 3438 4858 τοδί-

1833 4879 2025 4936 cienda
2055 4895 2067 4932 :
2104 4876 2254 4933 fuere
2287 4885 2468 4931 tamen
2499 4875 2705 4931 semina
2731 4871 3034 4929 schismatis
3081 4873 3244 4944 illius,
3289 4874 3437 4946 quod

1833 4977 1992 5049 Hugo
2012 4993 2120 5031 una
2145 4990 2269 5030 cum
2308 4971 2576 5029 Richardo
2620 4968 2938 5027 Massiliensi
2986 4969 3181 5027 abbate
3229 4971 3440 5029 excita-

1835 5062 1949 5133 vit;
1979 5065 2050 5121 ob
2079 5064 2134 5119 id
2161 5061 2427 5119 ambobus
2450 5062 2508 5116 in
2526 5061 2904 5118 Beneventano
2924 5066 3191 5116 conventu
3221 5076 3254 5117 a
3279 5076 3439 5117 com-

1836 5154 2092 5210 munione
2120 5150 2342 5208 remotis
2380 5166 2523 5206 anno
2565 5151 2723 5205 1087.
2773 5146 3089 5205 Schismatis
3126 5155 3308 5205 tamen
3348 5148 3444 5205 in-

1837 5250 2061 5308 famiam
2090 5267 2123 5305 a
2149 5266 2207 5305 se
2233 5247 2493 5321 repellere
2521 5246 2707 5301 nititur
2733 5245 2790 5301 in
2817 5245 3044 5316 epistola
3084 5245 3153 5302 ad
3191 5245 3441 5303 eamdem

1837 5338 2149 5397 Mathildem
2178 5337 2376 5409 scripta
2404 5353 2494 5392 an.
2533 5338 2691 5404 1088,
2741 5340 2864 5406 post
2917 5333 3120 5391 Urbani
3170 5333 3444 5405 pontiﬁcis

1839 5428 2184 5498 electionem,
2212 5426 2268 5481 in
2299 5442 2406 5496 qua
2434 5425 2513 5481 sic
2541 5422 2779 5495 loquitur
2810 5442 2823 5478 :
2862 5446 2885 5472 α
2947 5423 3013 5478 Et
3065 5438 3165 5480 nos
3220 5423 3441 5495 quidem

1838 5518 1966 5575 licet
1992 5516 2059 5572 de
2080 5514 2486 5587 recuperatione
2526 5510 2803 5567 electionis
2857 5509 2924 5566 D.
2982 5508 3194 5567 abbatis
3246 5512 3444 5569 Montis

1842 5607 2018 5666 Casini
2049 5622 2082 5662 a
2109 5602 2431 5677 quibusdam
2462 5601 2519 5659 S.
2551 5601 2616 5656 R.
2648 5599 2901 5657 Ecclesiae
2928 5599 3195 5673 episcOpis
3214 5608 3268 5657 et
3312 5616 3440 5658 car-

1840 5695 2109 5752 dinalibus
2137 5689 2462 5766 presbyteris
2489 5687 2900 5745 dissenserimus
2930 5701 2946 5759 ;
2976 5688 3120 5745 unde
3173 5688 3446 5761 aliquibus

1840 5786 2055 5843 illorum
2081 5799 2176 5840 cur
2202 5779 2360 5838 nobis
2399 5778 2554 5835 aliter
2602 5775 2893 5847 videretur,
2950 5777 3113 5834 etiam
3151 5778 3297 5851 apud
3342 5778 3445 5835 ca.

1841 5888 2004 5950 puam
2036 5872 2220 5946 palam
2248 5868 2486 5928 rationes
2537 5865 2873 5925 reddidimus
2925 5872 3109 5924 tamen
3154 5867 3291 5926 scire
3342 5880 3443 5925 vos

3118 5962 3194 6031 ιο
