3882 6410
523 367 626 474 ἳρί
1523 411 1718 471 aueo
1757 409 2249 473 LUGDUNENSIS
2287 401 2854 480 acmartscorus.
3765 425 3834 480 te

521 541 786 628 volumus
809 537 878 598 ab
900 538 1102 596 unitate
1130 555 1338 608 eorum,
1373 541 1428 596 in
1457 557 1682 612 corpore
1725 550 1923 596 sancta
1958 542 2145 598 Eccle-
2172 543 2229 606 A
2259 544 2315 599 in
2345 545 2532 603 itinere
2562 547 2632 603 ab
2661 549 2888 622 Hugone
2924 572 2945 598 «
2978 549 3197 608 lucerna
3226 551 3455 608 ardente
3485 558 3543 606 et
3573 549 3778 604 lucente
3803 551 3834 604 ὲ

535 631 630 688 sia
659 629 730 686 ad
757 629 1102 687 serviendum
1132 629 1192 684 Β.
1222 629 1377 685 Petro
1407 629 1591 684 divina
1630 629 1946 702 dignatione
1997 647 2146 687 com-
2254 633 2417 691 domo
2481 635 2721 708 Domini,
2766 637 3106 694 laudabiliter
3149 639 3488 706 honorabili,
3532 645 3591 694 et
3638 639 3835 694 honora-

531 727 678 804 pacti
707 743 910 796 sumus,
940 743 1041 783 nec
1063 725 1387 795 discessisse,
1423 744 1521 783 nec
1569 727 1623 782 in
1652 736 1973 800 perpetuum
2029 727 2146 784 Deo
2252 731 2433 788 biliter
2460 733 2735 802 laudabili,
2773 734 3114 809 Lugdunensi
3147 737 3401 809 primate,
3459 744 3519 792 et
3558 737 3832 807 apostolica

537 817 825 875 miserante
853 815 1199 888 discessuros,
1232 817 1342 872 imo
1392 817 1593 872 habere
1636 817 1972 889 propositum
2017 833 2148 890 apo-
2253 822 2395 877 sedis
2420 823 2598 896 legato
2630 831 2886 896 exceptus
2912 833 3010 894 est,
3024 833 3075 882 et
3096 827 3240 898 apud
3269 826 3615 900 Lugdunum
3656 842 3750 899 per
3771 843 3832 880 s21

535 915 739 974 stolica
765 913 910 970 sedis
940 913 1272 988 profectibus
1300 913 1478 970 modis
1506 913 1760 970 omnibus
1788 913 2078 971 deservire.
2114 937 2137 964 υ
2251 918 2367 974 dies
2392 936 2489 991 pre
2520 920 2688 976 nimia
2717 937 2977 994 aquarum
3008 921 3324 980 inundantia
3352 931 3404 980 et
3457 922 3669 978 hiemis
3719 939 3832 994 aspe

519 1003 672 1062 'Tum
691 999 748 1059 in
777 1003 967 1060 eadem
997 1003 1068 1058 de
1095 1003 1329 1076 Hugone
1358 1001 1556 1060 abbate
1595 1010 1650 1059 et
1684 1003 1964 1060 monachis
2011 1005 2143 1060 Clu-
2249 1008 2405 1065 ritate
2451 1011 2716 1081 detentus,
2780 1034 2801 1060 »
2863 1019 2917 1067 et
2963 1012 3212 1068 omnibus
3266 1012 3336 1067 ad
3392 1013 3505 1068 iter
3553 1013 3830 1068 necessarii:

536 1101 880 1160 niacensibus
907 1101 1256 1174 conqueritur
1291 1101 1394 1158 sibi
1451 1109 1625 1157 tantas
1669 1101 1738 1158 ab
1793 1102 1872 1157 eis
1918 1101 2145 1172 injurias
2248 1104 2533 1161 instructus
2565 1121 2578 1175 ;
2612 1105 2696 1162 cui
2727 1113 2781 1162 et
2807 1124 2877 1163 ex
2903 1108 3093 1166 itinere
3119 1125 3336 1165 reverso
3371 1109 3534 1165 dedit
3578 1109 3827 1179 epistolam

533 1190 738 1257 inferri,
769 1199 829 1246 ut
857 1207 949 1247 eas
977 1191 1090 1264 pati
1119 1206 1230 1246 non
1259 1191 1448 1264 possit,
1482 1207 1678 1263 nempe
1710 1208 1766 1246 se
1797 1190 1867 1246 ab
1923 1190 2029 1246 illis
2082 1198 2142 1246 ut
2249 1193 2317 1249 ad
2346 1195 2638 1251 Robertum
2699 1197 2959 1254 Flandria
3015 1199 3265 1254 comitem
3321 1197 3824 1255 commendandam.

530 1289 929 1348 achismaticum
960 1296 1013 1344 et
1041 1289 1346 1346 schismatis
1374 1297 1649 1346 auctorem
1695 1297 1748 1345 et
1799 1288 1874 1345 uti
1921 1305 2141 1345 excom-
2246 1296 2400 1349 Anno
2435 1297 2571 1350 1094
2603 1295 2846 1351 habitum
2876 1303 2956 1352 est
2995 1297 3280 1354 concilium
3337 1298 3824 1371 Augustodunense,

529 1377 862 1436 municatum
892 1377 1071 1447 vitari,
1104 1378 1354 1454 allegatis
1381 1378 1705 1450 quibusdam
1733 1377 1940 1434 Urbani
1982 1393 2138 1451 papa
2247 1383 2391 1456 quod
2421 1383 2738 1440 Bertholdus
2766 1401 2835 1440 ex
2862 1386 3073 1458 vulgari
3109 1387 3372 1444 vocabulo
3414 1388 3644 1443 Aulim
3688 1386 3827 1442 Ostio-

525 1480 734 1548 litteris,
767 1496 900 1552 quas
925 1487 1204 1552 suspectas
1232 1479 1458 1535 reddere
1505 1487 1753 1548 conatur,
1815 1485 1918 1534 etc.
1968 1478 2026 1534 Si
2081 1479 2138 1534 in
2245 1499 2410 1538 nense
2441 1490 2734 1555 nuncupat,
2765 1483 2981 1555 prafuit
3025 1485 3182 1558 Hugo
3235 1494 3440 1554 noster,
3501 1485 3733 1542 adfuere
3780 1491 3823 1540 32

526 1569 678 1628 illum
708 1575 1014 1626 commotus
1058 1575 1140 1624 est
1191 1568 1461 1635 Urbanus,
1519 1568 1702 1624 statim
1761 1567 1977 1623 sedatus
2034 1574 2133 1635 est,
2245 1571 2507 1646 episcopi,
2535 1571 2864 1643 abbatesque
2895 1573 3291 1646 quamplurimi.
3323 1577 3386 1630 In
3431 1592 3501 1631 eo
3555 1575 3701 1630 inter
3747 1575 3823 1628 alia

505 1667 705 1743 _statim
735 1667 786 1724 ei
828 1666 900 1724 ab
955 1665 1076 1739 ipso
1121 1665 1265 1722 sedis
1321 1665 1630 1739 apostolica
1683 1665 1846 1738 legati
1903 1665 2139 1739 dignitas
2243 1677 2534 1726 renovatur
2613 1671 3096 1728 excommunicatio
3172 1673 3385 1728 Henrici
3478 1674 3819 1744 imperatoris,

522 1759 810 1816 restituta:
842 1758 948 1813 hoc
976 1756 1170 1812 eodem
1199 1755 1400 1828 quippe
1447 1772 1589 1812 anno
1637 1755 2034 1811 absolutionem
2081 1755 2138 1810 in
2245 1758 2490 1814 Guiberti
2519 1759 2807 1832 antipapa,
2839 1767 2893 1815 et
2945 1759 3176 1833 Philippi
3232 1760 3476 1818 Francia
3532 1763 3687 1836 regis
3735 1763 3817 1832 qui.

520 1854 778 1916 extremis
804 1854 1140 1912 Theoderico
1170 1853 1488 1910 Virdunensi
1520 1854 1793 1926 episcopo,
1843 1853 1933 1924 qui
1981 1855 2134 1909 Hen-
2163 1906 2216 1931 η
2245 1857 2447 1927 rejecta
2477 1858 2670 1914 Bertha
2698 1857 2951 1931 conjuge,
2970 1859 3275 1915 Bertradam
3319 1858 3639 1916 induxerat.

523 1946 639 2004 rico
667 1943 980 2018 imperatori
1009 1943 1294 2017 prafracte
1341 1906 1642 2000 aelhasei‘at
1687 1906 1723 1999 ἑ
1774 1906 1986 1998 duobus
2011 1959 2134 1998 mo-
2163 1906 2216 1968 B
2246 1906 2491 2017 Hiigonis
2519 1947 2746 2016 epistola
2776 1906 2894 2018 (fu:
2910 1906 3250 2004 [:arnbertum
3276 1947 3697 2005 Atrebatensem
3725 1949 3814 2020 epi-

523 2043 713 2102 nachis
753 2057 1065 2100 concessam
1104 2041 1430 2114 approbavit
1461 2040 1698 2113 synodus
1747 2064 1769 2090 α
1817 2041 1903 2096 cui
1949 2039 2137 2111 prasi-
2241 2059 2472 2115 scepum
2501 2044 2571 2100 ad
2601 2046 2740 2100 hanc
2767 2044 3030 2116 synodum
3056 2045 3262 2102 invitat.
3303 2045 3532 2102 Prafuit
3587 2054 3646 2103 et
3695 2046 3814 2101 alteri

503 2125 688 2190 'debat
710 2132 923 2205 legatus
949 2130 1260 2203 apostolica
1287 2129 1432 2186 sedis
1460 2131 1640 2203 Hugo,
1674 2129 1948 2201 quondam
1979 2144 2124 2200 pra-
2239 2131 2492 2187 diducusi
2521 2134 2623 2188 hoc
2651 2132 2845 2190 eodem
2871 2149 3032 2203 anno,
3065 2142 3124 2189 ut
3142 2142 3193 2189 et
3211 2134 3534 2201 Brivatensi,
3551 2142 3610 2190 et
3627 2135 3812 2190 Dolens:

521 2231 605 2290 sul
649 2230 882 2300 Diensis,
917 2237 1042 2285 tunc
1082 2227 1460 2302 Lugdunensis
1514 2228 1818 2301 episcopus,
1883 2251 1905 2278 ι»
1960 2227 2134 2298 inquit
2239 2230 2529 2301 colloquio.
2563 2231 2768 2286 Eodem
2798 2247 2939 2288 anno
2963 2231 3108 2287 dedit
3156 2231 3610 2288 Cluniacensibus
3647 2249 3806 2288 mona-

516 2322 654 2378 llist.
704 2319 871 2392 episc.
921 2317 1144 2374 Virdun.
1176 2334 1209 2373 a
1236 2316 1521 2373 Laurentio
1551 2317 1617 2373 de
1648 2318 1848 2373 Leodio
1900 2315 2134 2372 conscri-
2239 2320 2354 2376 chis
2381 2319 2662 2375 ecclesiam
2695 2321 2752 2377 8.
2785 2320 3046 2376 Desiderii
3075 2321 3129 2378 in
3175 2321 3385 2376 Bressia
3417 2335 3434 2390 ;
3492 2331 3556 2377 et
3611 2322 3669 2376 in
3706 2322 3806 2376 fato

519 2426 632 2492 pta.
665 2416 819 2473 Idem
839 2421 1060 2470 testatur
1090 2414 1274 2468 Petrus
1301 2411 1660 2477 Venerabilis,
1719 2412 1815 2468 lib.
1867 2428 1908 2481 ι,
1959 2413 2128 2469 Mira-

524 2506 656 2576 cul.,
677 2521 800 2576 cap.
833 2507 923 2568 22,
945 2503 1030 2558 his
1057 2500 1240 2556 verbis
1271 2519 1284 2556 :
1323 2525 1344 2549 «
1380 2501 1506 2555 Erat
1536 2508 1660 2556 tunc
1702 2499 1838 2556 forte
1896 2502 1951 2555 in
2008 2502 2129 2556 loco

2240 2409 2298 2465 8.
2331 2409 2553 2464 Joannis
2578 2409 2851 2480 Baptista,
2885 2409 3112 2479 jubente
3159 2409 3372 2466 Urbano
3421 2411 3494 2476 II,
3545 2411 3804 2467 Fuloonem

2237 2506 2516 2579 Andegavi
2548 2507 2801 2562 comitem
2832 2506 2886 2562 in
2932 2506 3257 2564 monasterio
3312 2507 3370 2563 S.
3432 2507 3699 2562 Florentii
3745 2505 3804 2558 ab

525 2599 901 2676 Lugdunensis
948 2597 1205 2654 Ecclesia
1286 2597 1723 2669 archiepiscopus
1804 2597 2130 2652 venerabilis

523 2692 685 2764 Ηυεο
713 2689 884 2746 multa
910 2703 1123 2743 morum
1151 2687 1420 2758 probitate
1459 2693 1512 2742 et
1544 2686 1800 2759 religiosa
1843 2703 2129 2742 conversa-

524 2787 691 2855 tione,
722 2803 755 2843 a
781 2786 849 2841 D.
882 2800 1024 2856 papa
1050 2783 1271 2840 Urbano
1328 2790 1640 2840 cunctarum
1699 2781 1871 2838 ferme
1916 2783 2128 2838 Gallia-

525 2893 646 2935 rum
673 2874 990 2933 constitutus
1017 2873 1244 2945 legatus.
1281 2894 1303 2920 ι›
1330 2871 1480 2928 Idem
1533 2871 1731 2942 probat
1784 2871 1929 2942 quod
1985 2889 2127 2928 anno

526 2977 688 3047 1090,
717 2989 840 3029 cum
863 2970 1118 3028 Salmurii
1146 2977 1304 3038 esset,
1337 2969 1402 3025 lis
1425 2968 1672 3041 quadam
1693 2969 1760 3025 de
1809 2970 2124 3043 Campinia-

523 3081 589 3124 ω
605 3065 723 3137 jam
751 3061 844 3119 diu
863 3061 1066 3134 agitata
1087 3059 1225 3116 inter
1251 3061 1548 3116 monachos
1577 3059 1635 3115 S.
1661 3057 1837 3132 Sergii
1867 3067 1920 3114 et
1949 3061 2006 3116 S.
2038 3059 2126 3114 Al-

524 3163 643 3222 bini
667 3161 1088 3235 Andegavenses
1115 3158 1292 3216 delata
1321 3166 1402 3214 est
1431 3159 1499 3215 ad
1527 3159 1703 3231 ipsum
1737 3160 1922 3216 virum
1969 3174 2126 3233 spec-

524 3252 716 3330 tanda
730 3250 962 3308 virtuti:
982 3252 1040 3306 et
1071 3249 1247 3305 totius
1275 3248 1474 3304 Gallia
1491 3248 1821 3320 primatem,
1853 3245 2120 3318 inquiunt,
2152 3271 2202 3334 α

524 3341 618 3416 qui
645 3357 766 3398 eam
796 3335 1066 3411 episcOpis
1094 3337 1389 3410 provincia
1416 3334 1778 3392 deliniendam
1817 3335 2113 3392 commisit.

589 3457 746 3516 Anno
775 3452 932 3521 1092,
964 3452 1152 3524 Poppo
1181 3451 1512 3508 Trevirensis
1540 3450 1766 3507 clericus
1793 3451 1994 3507 electus
2044 3459 2125 3506 est

519 3551 578 3610 in
605 3553 898 3608 Metensem
917 3548 1252 3620 episcopum,
1285 3553 1335 3604 et
1373 3547 1502 3618 quia
1548 3564 1674 3604 eum
1729 3565 1763 3604 a
1815 3549 2120 3604 Trevirensi

517 3640 755 3700 antistite
795 3637 1260 3694 schismaticorum
1314 3637 1696 3693 communione
1751 3639 2119 3694 contaminato

518 3729 757 3788 ordinari
783 3727 1008 3784 timebat
1029 3726 1248 3782 Jarento
1297 3725 1470 3784 abbas
1524 3726 1888 3796 Divionensis,
1937 3728 2124 3800 Hugo—

519 3843 650 3886 nem
698 3825 946 3900 Lugdun.
975 3824 1442 3896 archiepiscopum
1472 3839 1596 3879 cum
1625 3823 1838 3881 duobus
1865 3825 1975 3880 suis
2000 3824 2120 3880 suf-

517 3917 796 3991 fraganeis
851 3913 1229 3974 Matisconensi
1284 3921 1339 3968 et
1387 3912 1717 3986 Lingonensi
1784 3913 2120 3985 prasulibus,

521 4029 546 4059 α
578 4023 677 4080 per
701 4004 848 4062 bella
871 4011 927 4060 et
953 4002 1186 4076 gladios,
1217 4017 1342 4058 cum
1370 4001 1555 4058 omnia
1583 4009 1811 4058 mortem
1857 4001 2122 4058 intentare

513 4095 843 4164 viderentur,
872 4092 1058 4150 Metim
1086 4107 1253 4162 usque
1311 4090 1554 4158 deduxit,
1591 4113 1612 4140 υ
1676 4108 1709 4147 a
1766 4107 1872 4161 quo
1927 4091 2118 4164 Poppo

511 4191 852 4244 ωηεθεηιυε
880 4189 960 4239 est
983 4204 1004 4231 «
1038 4176 1214 4253 prima
1241 4177 1586 4236 hebdomade
1637 4178 2108 4252 Quadragesima.

507 4279 772 4352 Sequenti
825 4294 970 4336 anno
1023 4277 1302 4334 Ricberius
1379 4293 1476 4348 pro
1550 4279 1952 4334 consecratione
2019 4295 2116 4334 sua

511 4369 834 4444 Lugdunum
873 4367 1114 4437 veniens,
1145 4383 1268 4422 cum
1296 4373 1633 4423 sacramento
1671 4383 1728 4421 se
1773 4366 1840 4420 de
1883 4365 2116 4423 simonia

510 4465 816 4535 purgasset,
847 4457 901 4512 in
931 4457 1019 4512 die
1047 4463 1231 4512 sancto
1287 4455 1505 4511 Pascha
1551 4463 1893 4511 consecratus
1949 4464 2047 4511 est.
2083 4480 2105 4507 υ

507 4557 591 4614 Ita
618 4555 777 4626 Hugo
807 4551 1178 4608 Flaviniensis.
1210 4551 1376 4608 Aliter
1430 4551 1744 4606 Laurentius
1788 4551 1855 4608 de
1909 4553 2111 4608 Leodio

2236 2597 2398 2652 solvit
2453 2596 2523 2651 ab
2580 2596 3135 2652 excommunicatione
3192 2612 3298 2668 qua
3343 2595 3646 2652 innodatus
3695 2605 3800 2649 erat.

2237 2685 2462 2739 Litteras
2492 2684 2844 2739 absolutionis
2873 2685 3130 2740 exhibent
3171 2683 3487 2740 Sirmondus
3549 2685 3608 2739 in
3664 2684 3806 2754 elogio

2236 2780 2463 2837 Goﬂ‘ridi
2486 2781 2914 2848 Viudocinensis,
2937 2789 2989 2837 et
3008 2784 3174 2836 tom.l
3206 2781 3328 2836 Gal.
3359 2782 3588 2849 Christ.,
3615 2798 3737 2853 pag.
3769 2785 3805 2833 3.

2236 2870 2390 2926 Circa
2419 2870 2472 2924 id
2502 2876 2714 2942 tempus
2743 2870 3050 2944 prodigium
3081 2870 3209 2925 illud
3231 2869 3426 2925 accidit
3453 2870 3610 2940 quod
3647 2869 3810 2925 descri-

2231 2967 2313 3023 bit
2342 2969 2528 3023 Petrus
2549 2967 2885 3022 Venerabilis
2913 2968 2991 3022 De
3021 2966 3310 3028 miraculis,
3342 2966 3436 3022 lib.
3470 2983 3514 3034 ι,
3564 2983 3687 3040 cap.
3740 2969 3808 3021 ἥ.

2233 3057 2446 3128 Ingenti
2473 3055 2696 3112 ﬂamma
2723 3055 3098 3112 Marciacensis
3125 3055 3470 3128 parthenonis
3511 3055 3704 3110 omnia
3740 3055 3814 3108 de-

2233 3153 2495 3210 vastante,
2548 3167 2570 3194 «
2631 3151 2744 3200 erat
2799 3151 2925 3200 tunc
2981 3143 3121 3201 forte
3175 3143 3230 3198 in
3284 3143 3403 3199 loco
3458 3142 3814 3216 Lugdunensis

2232 3242 2486 3298 Ecclesia
2511 3239 3004 3312 archiepiscopus...
3057 3238 3251 3294 cursim
3303 3238 3628 3294 monialium
3681 3239 3813 3295 clau-

2231 3339 2398 3387 strum
2427 3329 2743 3403 ingreditur,
2775 3344 2965 3384 omnes
3008 3343 3220 3384 summa
3255 3327 3523 3394 instantia,
3575 3335 3641 3382 ut
3686 3328 3811 3400 peri-

2232 3423 2354 3478 culo
2401 3419 2616 3486 cedant,
2657 3421 2945 3488 hortatur;
3003 3433 3231 3488 cumque
3287 3417 3394 3472 illa
3453 3416 3690 3474 omnino
3736 3432 3811 3472 reb

2231 3524 2474 3586 nuerent,
2507 3523 2562 3571 et
2587 3515 2735 3586 prius
2763 3531 2820 3570 se
2867 3530 3024 3586 posse
3078 3514 3214 3569 mori
3272 3529 3432 3585 quam
3486 3514 3810 3586 propositum

2233 3606 2532 3678 infringere
2549 3611 2855 3661 constanter
2875 3602 3222 3673 afﬁrmarent,
3271 3603 3344 3658 ait
3393 3622 3405 3658 :
3456 3603 3538 3658 Ex
3583 3603 3810 3660 auctori-

2231 3703 2336 3750 tate
2367 3696 2425 3750 B.
2461 3695 2598 3749 Petri
2628 3701 2682 3749 et
2706 3694 2774 3748 D.
2806 3709 2981 3766 papa,
3014 3700 3172 3763 atque
3225 3691 3435 3748 abbatis
3478 3693 3656 3748 vestri
3707 3693 3810 3750 obe-

2229 3792 2431 3847 dientia
2459 3791 2616 3848 vobis
2642 3789 2900 3862 pracipio
2929 3796 2987 3844 ut
3015 3788 3084 3844 ad
3113 3805 3348 3862 prasens
3373 3789 3497 3845 hinc
3523 3791 3807 3846 enatis...

2227 3882 2311 3938 Ad
2340 3883 2458 3938 hac
2486 3880 2733 3950 quadam
2763 3893 2978 3951 magna
3031 3877 3322 3934 nobilitatis
3351 3897 3363 3933 :
3421 3877 3567 3946 Noli,
3629 3877 3804 3948 inquit.

2225 3973 2332 4026 hoc
2359 3970 2516 4026 nobis
2543 3968 2847 4041 injungere,
2881 3967 3024 4038 quod
3052 3965 3210 4022 nobis
3263 3982 3424 4040 agere
3476 3981 3588 4022 non
3652 3968 3800 4032 licet;

2225 4070 2321 4125 sed
2347 4069 2486 4124 sicut
2513 4083 2610 4123 nos
2629 4067 2812 4140 ignem
2841 4063 3089 4136 pracipis
3115 4064 3322 4137 fugere,
3346 4065 3418 4119 ita
3445 4063 3626 4136 magis
3683 4063 3797 4137 igni,

2225 4167 2342 4215 uta
2369 4156 2526 4212 nobis
2554 4156 2745 4229 fugiat,
2777 4155 2972 4211 virtute
3027 4153 3217 4210 Christi
3274 4159 3505 4209 armatus
3561 4153 3796 4226 injunge.

2224 4249 2312 4304 Ad
2343 4263 2504 4319 quam
2529 4244 2770 4300 mulieris
2794 4241 2956 4298 ﬁdem
2986 4243 3312 4315 stupefactus
3355 4241 3793 4315 archiepiscopis,

2223 4361 2287 4402 ac
2315 4344 2492 4400 subito
2522 4351 2576 4399 et
2602 4343 2717 4414 ipse
2746 4339 2854 4397 ﬁde
2877 4341 3132 4412 repletus,
3161 4340 3235 4396 ait
3260 4359 3273 4397 :
3312 4341 3374 4396 In
3427 4340 3652 4396 nomine
3704 4340 3793 4395 Do-

2220 4434 2374 4503 mini,
2404 4441 2458 4487 et
2481 4449 2581 4503 per
2606 4431 2853 4489 virtutem
2883 4428 3007 4485 fidei
3051 4427 3210 4498 huius
3263 4443 3382 4498 qua
3437 4443 3575 4483 nunc
3633 4428 3790 4483 locuta

2219 4531 2316 4592 est,
2347 4523 2557 4590 recede,
2581 4521 2722 4594 ignis
2750 4518 2988 4592 pestifer,
3011 4517 3081 4574 ab
3109 4517 3418 4574 ancillarum
3448 4517 3544 4572 Dei
3599 4518 3790 4572 habita-

507 4641 811 4702 inllistoria
831 4641 1212 4716 episcoporum
1226 4640 1660 4711 Virdunensium,
1689 4642 1778 4712 qui
1803 4641 1869 4697 de
1909 4642 2109 4698 Ricbe-

2224 4621 2377 4679 culis.
2395 4664 2430 4678 ..
2453 4622 2549 4676 His
2577 4637 2609 4676 a
2638 4616 2888 4692 pontiﬁce
2917 4616 3098 4674 verbis
3144 4615 3379 4689 prolatis,
3437 4622 3662 4686 repente
3707 4615 3789 4669 im-

505 4734 589 4792 rio
617 4733 696 4790 sic
723 4732 1000 4804 loquitur:
1040 4752 1063 4780 «
1108 4733 1264 4786 Anno
1319 4729 1591 4785 Incarnat.
1644 4732 1780 4785 1088
1831 4731 2110 4787 Richerius

505 4831 706 4890 electus
733 4839 813 4887 est
859 4827 1084 4886 Virduni
1141 4827 1462 4900 episcopus;
1521 4827 1618 4884 sed
1673 4829 1800 4900 quia
1852 4829 2110 4888 Romana

502 4920 760 4980 Ecclesia
815 4917 1076 4976 offensam
1131 4917 1444 4985 incurrerat,
1505 4925 1713 4990 septem
1772 4918 1927 4974 annis
1991 4920 2106 4974 sine

501 5007 796 5083 episcopali
821 5007 1200 5065 benedictione
1228 5006 1526 5080 permansit
1556 5025 1568 5062 :
1593 5005 1767 5064 donec
1823 5024 1857 5064 a
1909 5007 2110 5064 Rodul-

463 5171 472 5178 _
503 5097 558 5158 f0
589 5099 647 5159 8.
681 5099 861 5156 Vitoni
891 5097 1110 5166 abbate,
1137 5112 1281 5154 anno
1309 5111 1417 5168 quo
1465 5095 1716 5152 Urbanus
1761 5113 1906 5171 papa
1961 5098 2105 5172 apud

501 5199 962 5256 Clarummontem
1051 5193 1317 5267 synodum
1399 5193 1711 5262 celebravit,
1777 5195 2103 5270 Lugdunum

501 5285 690 5346 ductus
719 5293 801 5344 est
827 5284 920 5341 ubi
941 5300 1064 5342 eum
1094 5283 1255 5357 Hugo
1305 5281 1652 5356 archiprasul
1705 5291 1828 5354 post
1875 5283 2101 5356 abjura-

502 5375 704 5434 tionem
731 5373 1071 5432 Henriciana
1100 5373 1267 5446 partis
1294 5372 1352 5428 in
1380 5372 1438 5429 S.
1468 5371 1711 5430 Paschali
1771 5373 2010 5431 Sabbato
2043 5375 2101 5430 in

499 5473 892 5546 presbyterum,
923 5473 980 5527 in
1007 5472 1098 5530 die
1125 5479 1304 5528 autem
1363 5469 1499 5528 festo
1550 5471 1606 5526 in
1645 5471 1935 5528 antistitem
1971 5489 2100 5529 con-

497 5563 742 5622 sacravit.
774 5562 1057 5628 Reversus,
1091 5577 1124 5616 a
1150 5559 1487 5632 coepiscOpis
1515 5559 1624 5616 suis
1671 5560 1928 5633 POppone
1976 5562 2096 5618 Me-

498 5649 634 5708 tensi
650 5659 708 5707 et
722 5649 924 5708 Pibone
943 5649 1200 5722 Tullensi,
1233 5657 1286 5706 et
1313 5666 1346 5706 a
1377 5657 1486 5706 tota
1526 5648 1660 5706 urbe
1719 5649 2094 5708 decentissime

493 5755 774 5822 meptus
800 5756 899 5806 est.
935 5770 957 5798 »
991 5750 1146 5804 Anno
1179 5749 1314 5803 1093
1365 5763 1488 5804 cum
1533 5747 1851 5806 Lambertus
1896 5749 2096 5806 electus

493 5836 858 5895 Mrebatensis
883 5836 1105 5892 antistes
1131 5850 1165 5890 a
1191 5835 1604 5906 metropolitano
1633 5853 1730 5892 suo
1760 5853 1858 5908 pro
1903 5853 2094 5896 conse-

495 5924 742 5984 cratione»
759 5938 859 5982 sua
885 5921 1244 5991 deluderetur,
1274 5923 1505 5979 Romam
1551 5923 1824 5995 profectus
1880 5933 1978 5996 est,
2039 5935 2094 5984 et

2217 4713 2474 4767 mensitas
2526 4710 2869 4764 ﬂammarum
2926 4705 3182 4762 invisibili
3239 4705 3429 4761 virtute
3489 4719 3783 4776 τρίποδι...

2216 4802 2354 4857 ultra
2382 4800 2671 4874 procedere
2700 4811 2810 4853 non
2834 4795 3023 4868 potuit,
3056 4801 3109 4850 et
3154 4794 3354 4866 absque
3405 4791 3516 4848 ullo
3563 4794 3782 4848 humano

2215 4901 2472 4967 subsidio,
2530 4898 2732 4968 absque
2775 4895 2957 4967 aliqua
3010 4891 3211 4965 pluvia
3264 4899 3438 4966 gutta,
3499 4889 3781 4947 incredibili

2215 4989 2484 5046 celeritate
2515 4985 2860 5058 semetipsam
2909 4981 3190 5038 exstinxit.
3232 5003 3254 5031 η
3314 4979 3516 5036 Eodem
3567 4978 3780 5051 denique

2213 5095 2356 5136 anno
2377 5077 2562 5134 indict.
2594 5091 2654 5146 ιι,
2685 5073 2832 5130 dedit
2857 5069 3075 5146 Hugoni
3131 5069 3460 5128 Cluniacensi
3514 5069 3680 5125 altare
3727 5066 3778 5122 de

2211 5166 2492 5225 Reortorio
2519 5181 2641 5222 cum
2671 5161 2894 5220 ecclesia
2926 5161 2984 5219 S.
3015 5159 3166 5216 Pauli
3190 5159 3330 5215 infra
3355 5157 3591 5228 eiusdem
3641 5154 3775 5214 casui

2210 5265 2586 5334 munitionem,
2617 5261 2720 5318 sub
2747 5257 2964 5318 annuali
2993 5275 3157 5315 censu
3183 5272 3223 5312 v
3277 5255 3584 5324 solidorum,
3645 5255 3774 5326 cujus

2208 5357 2388 5412 media
2418 5371 2542 5427 pars
2569 5350 2829 5409 solvenda
2859 5349 2998 5405 foret
3043 5348 3099 5403 in
3151 5347 3286 5404 festo
3341 5345 3507 5402 sancti
3561 5344 3770 5408 Martini,

2206 5446 2388 5501 media
2415 5442 2470 5499 in
2498 5439 2873 5500 Puriﬁcatione
2901 5439 2963 5494 Β.
2993 5437 3066 5494 Μ.
3126 5454 3195 5494 ex
3251 5434 3515 5494 chartario
3561 5432 3769 5492 secundo

2205 5544 2470 5611 Cluniac.,
2501 5541 2598 5598 fol.
2620 5543 2746 5607 212,
2778 5541 2964 5595 charta
2994 5539 3116 5592 339.

2274 5653 2429 5708 Anno
2462 5652 2598 5706 1095
2627 5646 2696 5704 ad
2725 5643 3086 5702 Placentinam
3127 5643 3185 5702 in
3223 5638 3599 5716 Longobardia
3642 5655 3765 5715 syno-

2201 5747 2332 5806 dum
2359 5754 2600 5818 vocatus,
2630 5760 2754 5803 cum
2796 5759 2905 5800 non
2951 5739 3199 5808 venisset,
3245 5755 3344 5796 nec
3386 5741 3622 5814 legatum
3666 5755 3762 5797 cum

2201 5837 2461 5896 canonica
2487 5833 2832 5893 excusatione
2879 5848 2976 5904 pro
3025 5848 3082 5887 se
3139 5829 3436 5897 direxisset,
3489 5831 3560 5886 ab
3611 5829 3761 5888 ofﬁcio

2199 5943 2486 5998 suspensus
2541 5931 2639 5994 est,
2697 5923 2872 5995 inquit
2940 5919 3254 5978 Bertholdus
3317 5919 3757 5990 Constantiensis;
