3882 6480
103 502 221 558 493

1406 500 1699 556 ΝΟΤΙΤΙΑ
1746 498 2119 555 HISTOBICA

3314 500 3417 556 49ι

101 626 256 680 haud
287 627 378 680 diu
411 634 592 681 tamen
626 626 770 680 stetit
799 626 1071 696 pontificis
1102 626 1422 698 indignatio,
1444 625 1606 696 plena
1628 641 1708 679 sa-
1739 625 1792 684 A
1824 622 2122 677 Turonensi
2155 623 2360 692 pariter
2390 629 2444 677 et
2466 623 2831 679 Nemausensi
2879 623 3129 690 concilio,
3177 630 3229 678 et
3258 623 3423 679 simili

99 715 419 771 tisfactione
452 725 700 786 accepta.
735 715 942 770 Eodem
992 731 1202 770 annon
1251 716 1434 770 Nonas
1480 715 1708 786 Aprilis,

103 812 215 866 iter
247 813 470 884 arripuit
501 813 567 866 ad
600 814 662 866 S.
701 814 986 878 Jacobum,
1025 814 1254 866 honesto
1309 811 1630 867 clericorum
1663 817 1714 863 et

105 900 382 956 laicorum
413 903 668 957 comitatu
683 902 992 968 decoratus,
1019 909 1071 956 et
1092 903 1235 971 apud
1261 900 1518 956 Anicium
1542 898 1714 952 tribus

110 990 318 1044 diebus
349 999 651 1044 remoratus
709 1005 838 1046 cum
878 990 1112 1043 maxima
1167 988 1478 1044 difﬁcultate
1537 988 1605 1042 ab
1637 988 1716 1040 eis

112 1079 346 1134 avulsus
377 1091 481 1134 est.
505 1080 662 1134 Venit
693 1079 763 1134 ad
794 1079 855 1134 S.
894 1079 1154 1133 Jacobum
1184 1079 1498 1132 imminente
1529 1075 1718 1146 vigilia

115 1177 493 1241 Pentecostes,
526 1183 576 1230 et
607 1176 661 1229 in
682 1175 770 1230 die
801 1183 988 1231 sancto
1021 1175 1313 1228 missarum
1353 1173 1619 1229 solemnia
1649 1173 1720 1228 ad

112 1264 291 1320 altare
323 1265 491 1319 sancti
521 1265 741 1335 publice
781 1264 1098 1327 celebravit,
1134 1271 1343 1318 astante
1375 1263 1635 1334 episcopo
1668 1269 1721 1317 et

113 1354 270 1409 clero
299 1353 609 1426 pepuIOque
645 1351 873 1408 infinito.
905 1354 965 1406 In
994 1351 1286 1408 crastinum
1333 1369 1586 1407 reversus
1616 1359 1716 1419 est,

113 1451 172 1498 et
208 1443 532 1514 Lugdunum
591 1441 813 1495 intravit
866 1443 952 1496 die
985 1441 1144 1495 tertia
1201 1449 1325 1494 ante
1386 1441 1719 1495 nativitatem

115 1532 182 1586 S.
223 1531 449 1586 Joannis
481 1533 638 1601 Bapt.
676 1530 878 1585 Eodem
910 1547 1070 1595 anno,
1107 1531 1200 1584 sed
1234 1531 1320 1583 die
1352 1529 1722 1596 incerto,\_sub-

116 1620 345 1690 scripsit
384 1627 652 1691 pracepto
701 1619 930 1689 Philippi
983 1621 1004 1673 Ι
1061 1619 1399 1673 Francorum
1453 1620 1600 1690 regis
1655 1618 1722 1672 de

119 1709 468 1777 subjectione
498 1708 752 1762 Mausiaci
775 1709 1024 1762 canobio
1048 1708 1415 1762 Cluniacensi.
1449 1708 1724 1762 Urbanum

117 1813 327 1869 papam
357 1798 411 1851 in
438 1797 645 1852 Gallias
675 1797 984 1869 ingressum
1035 1797 1320 1851 comitatus
1356 1804 1456 1860 est,
1489 1805 1542 1850 et
1596 1813 1722 1851 cum

121 1903 190 1941 eo
224 1885 540 1941 Cluniacum
573 1886 736 1950 venit,
774 1893 826 1940 et
857 1885 1027 1938 altare
1055 1885 1110 1938 in
1142 1901 1282 1939 nova
1331 1885 1552 1938 basilica
1585 1901 1726 1938 con-

1824 713 1984 766 modo
2009 711 2254 776 definita,
2285 720 2342 766 ut
2371 719 2517 782 patet
2548 729 2612 766 ex
2671 711 2844 768 altera
2904 712 3108 770 Urbani
3163 712 3310 767 bulla
3351 711 3421 768 ad

1825 801 2285 871 Ludgdunensem
2314 801 2804 871 archiepiscopum.
2837 801 2981 856 Nihil
3011 803 3096 856 his
3117 809 3422 857 commotus

1825 890 2109 944 Richerius
2138 889 2328 944 maluit
2357 891 2697 946 inter-dictus
2734 891 2912 957 obire,
2945 907 3102 962 quam
3153 891 3420 946 Ecclesia

1826 1004 1939 1043 sua
1969 987 2220 1058 dignitati
2248 988 2515 1059 tantisper
2551 989 2847 1061 derogare.
2884 990 3008 1044 Non
3035 1006 3122 1045 me
3143 989 3273 1045 latet
3292 987 3422 1061 quid

1826 1085 2099 1147 reponant
2153 1077 2539 1150 Lugdunensis
2570 1077 2795 1146 primati
2851 1077 3165 1144 adversarii,
3224 1078 3420 1134 falsam

1829 1181 1952 1219 esse
1973 1173 2025 1220 et
2056 1165 2452 1237 supposititiam
2508 1165 2715 1221 Urbani
2759 1166 2986 1224 bullam.
3019 1167 3220 1223 Verum
3263 1167 3309 1222 si
3366 1165 3422 1222 id

1829 1253 2153 1320 admittitur,
2202 1262 2366 1308 ruunt
2419 1254 2602 1309 omnia
2657 1255 2993 1327 antiquitatis
3047 1264 3420 1325 monumenta,-

1831 1352 1924 1409 vix
1947 1355 2088 1407 enim
2123 1352 2288 1407 ullum
2319 1360 2401 1408 est
2423 1354 2566 1424 quod
2598 1354 2893 1422 majoribus
2948 1355 3132 1410 nixum
3163 1354 3231 1410 sit
3260 1355 3420 1411 testi-

1833 1449 2046 1504 moniis.
2083 1449 2232 1502 Illam
2266 1449 2434 1504 edidit
2465 1450 2536 1503 D.
2577 1449 2644 1505 de
2678 1453 2852 1506 Marca
2885 1467 2950 1506 ex
2982 1459 3194 1507 vetusto
3232 1451 3422 1509 codice

1832 1538 2208 1610 Lugdunensi.
2241 1539 2450 1593 Deinde
2477 1541 2614 1606 ejus,
2673 1548 2730 1594 ut
2758 1540 2924 1606 aiunt,
2982 1542 3244 1604 Vidimus,
3307 1542 3421 1596 Lu-

1831 1627 2139 1700 gdunensis
2169 1627 2222 1680 in
2242 1628 2401 1682 rebus
2432 1627 2822 1684 ecclesiasticis
2847 1629 3024 1700 judex
3054 1629 3274 1700 publice
3291 1630 3424 1686 acin

1834 1716 2062 1771 solemni
2087 1716 2200 1771 foro
2233 1717 2471 1771 exaravit
2510 1733 2650 1771 anno
2685 1719 2844 1783 1409,
2896 1726 2949 1772 et
2991 1734 3023 1772 a
3057 1728 3292 1790 quatuor
3321 1735 3424 1774 [ιο⁴⁹

1835 1813 1986 1868 tariis
2016 1811 2287 1868 subscribi
2319 1813 2672 1885 curavit,quo
2705 1814 2834 1868 nihil
2870 1815 2922 1868 in
2953 1815 3104 1870 hisce
3135 1815 3296 1870 rebus
3328 1831 3428 1872 so-

1835 1911 2065 1967 lemnius
2087 1912 2274 1965 haberi
2304 1919 2506 1982 potest.
2547 1911 2726 1966 Tertio
2777 1912 3036 1965 Martinus
3069 1913 3113 1967 V
3142 1911 3196 1965 in
3245 1911 3428 1983 diplo-

120 1983 383 2040 secravit.
419 1983 602 2037 Adfuit
631 1983 862 2037 concilio
894 1981 1202 2036 Averneusi
1254 1982 1339 2036 cui
1398 1981 1722 2071 praesidebat
1753 1984 1804 2041 B
1838 2009 1970 2054 male
2000 2002 2124 2054 dato
2154 1981 2439 2054 Gene’vwi
2475 1999 2724 2070 Augusti,
2755 2001 2933 2069 primo
2990 2001 3074 2054 sui
3132 1981 3428 2071 ροηιίίῇαα,

122 2089 375 2127 summus
405 2072 687 2141 pontifex.
725 2073 782 2124 In
815 2087 878 2126 eo
907 2087 1028 2126 cum
1085 2070 1400 2124 Bituricensi
1458 2069 1731 2138 archiepi-

136 2177 316 2233 scopo
348 2161 521 2216 electo
565 2160 772 2214 arbiter
801 2159 909 2213 litis
941 2160 1234 2229 llugonem
1268 2158 1509 2213 Cluniaci
1553 2158 1726 2211 abba-

119 2269 236 2316 tem
267 2258 409 2314 inter
429 2268 481 2313 et
512 2257 765 2313 Pontium
798 2257 1088 2313 Casa-Dei
1133 2257 1633 2322 archimandritam,
1661 2256 1729 2310 de

124 2348 272 2406 cella
302 2347 589 2404 Boortensi
621 2355 846 2410 motam,
881 2362 1002 2401 eam
1035 2345 1263 2414 definiit,
1299 2354 1351 2400 et
1380 2345 1572 2400 cellam
1595 2344 1730 2399 Clu-

125 2443 481 2500 niacensibus
510 2442 745 2496 asseruit
777 2441 1036 2495 Kalendis
1093 2440 1431 2495 Decembris.
1486 2440 1731 2495 Vidimus

129 2549 302 2604 supra
334 2530 718 2588 conﬁrmatum
742 2529 1200 2602 Lugdunensibus
1229 2529 1652 2599 archiepiscOpis
1684 2528 1738 2583 in

131 2630 371 2694 quatuor
402 2620 799 2692 Lugdunenses
829 2619 1143 2689 provincias
1168 2619 1458 2688 primatum
1481 2633 1512 2671 a
1531 2618 1739 2688 Grego-

130 2712 218 2766 rio
261 2711 382 2764 Vll.
427 2709 558 2763 Cum
593 2707 810 2762 illarum
841 2706 1273 2777 archiepiscopis
1299 2706 1351 2759 in
1382 2707 1484 2762 hac
1531 2706 1740 2776 synodo

129 2808 526 2881 expostulavit
557 2808 734 2879 Hugo,
761 2807 905 2878 quod
938 2806 1087 2861 illum
1119 2821 1224 2877 qua
1266 2806 1394 2860 data
1450 2805 1740 2860 occasione

133 2907 414 2972 minuere,
449 2907 556 2960 imo
587 2913 639 2960 et
682 2921 788 2960 non
819 2921 1123 2976 agnoscere
1171 2911 1534 2958 conarentur.
1578 2902 1741 2968 Hinc,

137 2997 369 3054 Urbano
393 2995 639 3063 jubente,
673 2993 812 3049 lecta
844 3002 967 3048 sunt
987 2993 1168 3048 omnia
1192 2994 1260 3048 ad
1282 2993 1433 3047 illum
1468 2992 1747 3062 pertinen-

143 3094 220 3149 tia
267 3100 640 3147 monumenla.
689 3090 900 3144 Deinde
941 3091 996 3144 in
1044 3091 1143 3161 jus
1187 3099 1407 3146 vocatus
1465 3090 1750 3144 Rirherius

137 3181 477 3239 Senonensis
499 3180 748 3244 antistes,
768 3197 887 3235 cum
915 3179 1181 3247 judicium
1207 3179 1370 3234 variis
1398 3179 1748 3233 dilationibus

139 3287 194 3335 et
223 3278 459 3333 induciis
487 3278 711 3333 eludere
754 3285 996 3343 tentaret,
1034 3278 1252 3332 tandem
1279 3299 1302 3328 ς
1329 3294 1393 3331 ex
1422 3277 1590 3331 totius
1620 3293 1747 3347 syn-

142 3368 236 3423 odi
268 3367 454 3422 favore
485 3375 535 3421 et
560 3367 764 3435 judicio
795 3367 1064 3422 sancitum
1111 3377 1197 3421 est
1235 3368 1616 3421 Senonensem
1651 3381 1745 3419 ar-
1776 3339 1824 3402 Ο

143 3467 561 3536 chiepiscopum
585 3467 936 3538 Lugdunensi
983 3474 1235 3537 tanquam
1281 3466 1498 3536 primati
1555 3465 1744 3534 subje-

147 3556 384 3613 ctionem
414 3555 891 3625 obedientiamque
921 3555 1141 3610 debere.
1177 3555 1273 3609 Cui
1312 3555 1556 3625 profecto
1615 3571 1744 3610 sen-

147 3645 333 3701 tentia
366 3661 426 3701 se
451 3645 723 3700 humiliter
751 3644 1085 3709 obedituros,
1124 3667 1146 3691 υ
1187 3652 1241 3698 ut
1272 3645 1398 3698 data
1454 3642 1559 3698 tide
1617 3660 1747 3714 pro-

148 3746 435 3809 miserant,
484 3767 505 3792 α
555 3743 893 3798 Senonensis
939 3743 1204 3798 Ecclesia
1253 3741 1590 3813 suifraganei
1625 3759 1748 3814 pro-

149 3835 275 3906 pria
303 3833 534 3905 quisque
553 3848 686 3888 voce
707 3831 993 3903 professus
1013 3841 1114 3888 est.
1137 3834 1194 3886 Id
1217 3833 1394 3901 ipsum
1421 3835 1657 3904 insuper
1681 3833 1749 3887 de

155 3922 590 3994 Rothomagensi
619 3921 869 3976 Ecclesia
899 3920 1276 3978 confirmatum
1311 3930 1412 3976 est.
1447 3923 1526 3976 De
1572 3922 1748 3976 Turo-

151 4020 314 4076 nensi
346 4018 510 4082 enim,
546 4019 672 4089 quia
693 4019 806 4085 jam
837 4033 870 4072 a
901 4017 1189 4072 retroactis
1248 4018 1588 4088 temporibus
1632 4017 1750 4072 sine

153 4107 524 4181 refragatione
552 4107 856 4172 obedierat,
888 4107 1034 4160 nulla
1059 4107 1172 4175 jam
1205 4107 1434 4178 quastio
1483 4107 1748 4163 moveba-

152 4217 266 4264 tur.
312 4230 332 4255 »ι
366 4207 482 4262 Nec
511 4205 591 4267 sic
619 4206 1000 4275 acquiescente
1026 4205 1299 4270 Richerio,
1324 4205 1576 4260 Urbanus
1601 4228 1622 4252 ιι
1643 4213 1751 4258 toto

155 4296 532 4354 consentiente
563 4295 816 4357 concilio,
863 4317 884 4342 υ
929 4295 978 4348 ei
1005 4294 1154 4364 pallii
1184 4311 1338 4349 usum
1369 4301 1424 4348 et
1479 4292 1751 4365 suffraga-

153 4401 382 4442 neorum
411 4383 796 4451 obedientiam,
815 4382 989 4437 donec
1019 4383 1136 4453 ipse
1169 4383 1419 4438 obediret
1449 4382 1749 4438 interdixit.

157 4483 409 4555 Repetita
439 4481 538 4536 fuit
567 4489 619 4536 et
648 4479 843 4535 iterum
873 4480 1203 4536 confirmata
1233 4479 1508 4536 sententia
1552 4481 1607 4533 in
1637 4481 1750 4533 Tu-

155 4571 381 4630 ronensi
429 4578 481 4626 et
530 4570 902 4625 Nemausensi
931 4570 1158 4640 synodis
1183 4588 1195 4624 :
1231 4570 1328 4624 sed
1358 4585 1460 4625 nec
1491 4569 1570 4624 sic
1600 4568 1744 4624 vinci

156 4660 335 4733 potuit
363 4658 602 4714 Ricberii
623 4658 954 4729 pervicacia.
990 4659 1070 4712 De
1091 4657 1175 4712 his
1205 4658 1456 4712 omnibus
1470 4656 1754 4712 sententiis

157 4763 492 4828 conquestus
521 4764 602 4810 est
631 4755 777 4826 apud
809 4756 1050 4818 lvonem,
1076 4771 1106 4807 a
1137 4769 1244 4824 quo
1265 4753 1552 4809 consilium
1599 4762 1752 4808 retu-

159 4855 220 4910 lit
251 4853 521 4924 sapientia
539 4853 779 4924 plenum,
806 4852 1011 4907 scilicet
1042 4859 1098 4906 ut
1129 4851 1209 4906 rei
1259 4851 1511 4920 judicata
1540 4852 1753 4906 interim

160 4951 403 5016 pareret,
435 4943 612 4998 donec
639 4942 974 4997 authenticis
1019 4939 1417 5002 instrumentis,
1453 4941 1498 4993 si
1531 4941 1755 5012 quando

162 5031 397 5102 reperiri
426 5037 674 5101 possent,
732 5030 1000 5086 Ecclesia
1054 5045 1168 5083 sua
1219 5029 1525 5084 libertatem
1575 5036 1761 5098 posset

165 5121 566 5177 demonstrare.
591 5117 888 5174 Consilium
920 5117 1123 5188 respuit
1152 5117 1486 5175 Senonensis
1516 5117 1760 5185 antistes,

167 5210 357 5282 sicque
389 5211 612 5264 Ivonem
641 5207 822 5280 coegit
849 5224 878 5261 a
910 5207 1218 5264 reverentia
1259 5207 1594 5262 Senonensis
1650 5207 1762 5262 Ec-

167 5309 350 5366 clesia
382 5307 484 5363 sibi
522 5323 676 5378 papa
707 5307 933 5362 decreto
964 5306 1554 5370 interdicta,recedere
1580 5321 1592 5360 :
1621 5305 1762 5361 unde

171 5424 295 5466 cum
326 5421 428 5478 pro
459 5404 748 5462 Sancionis
779 5405 933 5460 electi
957 5405 1300 5460 Aureliarum
1331 5404 1580 5476 episcOpi
1611 5404 1765 5459 ordi-

172 5496 394 5553 natione
417 5503 670 5550 evocatus
700 5493 891 5549 fuisset
913 5509 946 5548 a
969 5494 1223 5548 Richerio
1250 5494 1317 5548 ad
1347 5501 1586 5548 castrum
1620 5493 1768 5546 Nan-

173 5601 402 5649 tonense
425 5590 682 5645 mandato
696 5605 892 5660 parere
908 5588 1202 5653 recusavit,
1217 5593 1446 5662 propter
1454 5589 1769 5660 primatum

176 5688 566 5763 Lugdunensis
579 5687 858 5755 Ecclesia,
882 5701 1043 5758 quem
1057 5687 1532 5742 irrationabiliter
1554 5689 1768 5755 refuta-

179 5789 291 5845 bat.
310 5787 380 5842 Et
402 5786 518 5856 ipse
540 5801 659 5839 cum
682 5783 803 5838 aliis
833 5782 1129 5854 provincia
1159 5782 1522 5855 suﬂ'raganeis
1545 5797 1770 5837 manum

176 5883 437 5956 imposuit
460 5880 738 5936 Sancioni.
773 5879 916 5946 Quid
929 5879 1075 5950 quod
1095 5879 1166 5934 ob
1187 5880 1304 5948 ejus
1325 5877 1770 5945 inobedientiam,

183 5983 378 6040 eadem
405 5995 575 6036 causa
599 5984 798 6049 agente
828 5978 1065 6049 Hugone
1119 5985 1307 6034 nostro
1343 5977 1571 6049 repetita
1608 5983 1693 6033 est
1721 5975 1777 6031 in

1782 4701 1831 4760 D

1837 2096 1920 2141 tus
1951 2105 2111 2152 anno,
2147 2087 2346 2142 Christi
2381 2088 2538 2153 ms,
2562 2099 2850 2160 utramque
2873 2088 3075 2143 Urbani
3101 2089 3310 2144 bullam
3333 2106 3429 2145 re-

1837 2177 1963 2232 fert.
1998 2176 2206 2244 Quarto
2246 2178 2302 2229 in
2337 2193 2445 2230 ms.
2513 2177 2687 2231 Ccntii
2717 2177 3006 2231 came‘rarii
3067 2193 3279 2234 canone
3326 2193 3423 2244 vn,

1841 2265 1918 2320 sic
1949 2265 2174 2335 legitur:
2213 2288 2234 2312 «
2271 2265 2652 2337 Lugdunensis
2681 2265 2944 2320 Ecclesia
2981 2265 3243 2336 primatus
3273 2267 3431 2322 resti-

1843 2360 1988 2407 tutus
2009 2362 2090 2407 est
2119 2371 2284 2423 super
2314 2354 2754 2425 Lugdunensem,
2808 2353 3185 2410 Senonensem
3217 2363 3270 2410 et
3317 2355 3432 2412 Ro-

1851 2443 2262 2514 thomagensem
2292 2442 2602 2511 provincias
2637 2460 2649 2495 :
2691 2467 2711 2490 υ
2745 2459 2867 2514 qua
2889 2444 3077 2498 eadem
3103 2445 3270 2499 verba
3291 2460 3354 2500 se
3382 2445 3440 2500 in

1842 2538 2158 2601 pervetusto
2183 2531 2372 2586 codice
2403 2531 2729 2586 Ananiensis
2761 2531 2995 2586 abbatia
3051 2532 3254 2588 vidisse
3290 2549 3440 2589 asse-

1847 2629 1912 2684 rit
1942 2629 2189 2684 Baluzius
2220 2629 2273 2682 in
2296 2629 2437 2683 notis
2469 2629 2536 2683 ad
2567 2629 2667 2683 lib.
2706 2629 2786 2684 De
2835 2629 3127 2685 concordia
3154 2630 3442 2701 sacerdotii

1849 2735 1903 2783 et
1930 2727 2163 2798 imperii,
2197 2736 2332 2781 tom.
2358 2727 2426 2793 ll,
2451 2743 2581 2798 pag.
2605 2728 2734 2780 286.
2770 2726 3013 2799 Denique
3037 2743 3100 2782 ea
3119 2728 3302 2783 omnia
3321 2745 3441 2800 qua

1848 2816 1904 2870 in
1935 2816 2082 2870 bulla
2125 2817 2486 2881 continentur,
2529 2815 2598 2870 ab
2646 2817 2811 2871 lvone
2858 2816 3176 2876 Carnotensi
3213 2809 3444 2886 prasule

1853 2904 1944 2976 qui
1973 2904 2656 2960 Claromontensiconcilio
2688 2903 2951 2970 adfuerat,
2977 2904 3362 2975 referuntur,ut
3383 2922 3450 2962 ex

1850 3003 1963 3071 jam
1994 3001 2153 3056 dictis
2193 3013 2244 3057 et
2274 3019 2342 3057 ex
2370 3001 2511 3057 infra
2557 3002 2806 3058 dicendis
2854 3002 3036 3078 palam
3066 3011 3168 3058 est.
3210 3004 3276 3062 Ut
3322 3019 3448 3061 vero

1853 3109 1975 3162 qua
2007 3091 2074 3146 ad
2105 3091 2246 3145 hanc
2271 3091 2698 3145 controversiam
2746 3091 3039 3161 pertinent,
3077 3092 3240 3146 simul
3267 3101 3323 3149 et
3350 3109 3449 3149 se-

1854 3181 1957 3235 mel
1992 3195 2281 3250 exponam,
2313 3179 2567 3234 Richerio
2628 3179 2932 3234 Senonensi
2968 3180 3388 3251 archiepiscopo
3417 3198 3448 3238 e

1857 3268 1994 3324 vivis
2023 3269 2255 3334 sublato,
2288 3267 2341 3320 in
2375 3268 2495 3336 ejus
2516 3268 2694 3322 locum
2713 3268 2919 3324 electus
2949 3276 3032 3323 est
3062 3269 3408 3324 Daimbertus
3435 3289 3446 3326 :

1852 3357 2200 3414 occasionem
2232 3366 2423 3413 nactus
2471 3355 2854 3428 Lugdunensis
2901 3357 3124 3412 antistes
3171 3359 3338 3412 vetuit
3383 3374 3452 3414 ne

1854 3463 1907 3509 et
1937 3453 2085 3524 prius
2113 3469 2302 3506 manus
2337 3452 2732 3521 imponeretur,
2765 3467 2925 3522 quam
2956 3451 3196 3506 debitam
3228 3452 3452 3525 Lugdu—

1854 3550 2016 3606 nunsi
2045 3549 2312 3605 Ecclesia
2342 3548 2711 3604 obedientiam
2735 3547 3016 3620 professus
3035 3549 3260 3617 fuisset;
3284 3558 3341 3606 ut
3356 3551 3454 3609 d0-

1856 3657 1942 3704 cet
1972 3648 2150 3702 lvonis
2171 3646 2236 3701 ad
2270 3648 2447 3716 ipsum
2468 3646 2701 3716 epistola
2733 3647 3098 3717 sexagesima.
3122 3648 3182 3701 In
3195 3663 3259 3703 ea
3274 3648 3453 3718 primo

1854 3735 2124 3808 signiﬁcat
2194 3752 2255 3791 se
2318 3751 2556 3806 suosque
2623 3735 3113 3806 comprovinciales
3165 3735 3458 3808 episcopos

1861 3859 1881 3883 α
1927 3851 2119 3888 manus
2155 3850 2186 3888 a
2225 3833 2632 3890 consecratione
2692 3832 3024 3889 Senonensis
3074 3833 3236 3890 e'ecti
3273 3833 3452 3903 conti,-

1856 3933 2062 3999 nuisse,
2099 3954 2122 3980 η
2159 3947 2222 3986 ex
2255 3931 2379 4001 ejus
2417 3930 2670 4001 imperio.
2699 3930 2882 3984 Mirari
2913 3947 2974 3986 se
3022 3938 3208 3986 tamen
3247 3931 3449 3989 asserit

1857 4038 1981 4078 eum
2002 4021 2331 4091 praecepisse
2362 4028 2418 4074 ut
2452 4041 2475 4070 ι
2509 4020 2841 4074 Senonensis
2861 4019 3074 4076 electus
3109 4027 3235 4075 ante
3253 4035 3449 4076 conse-

1857 4120 2154 4176 crationem
2179 4135 2328 4172 suam
2361 4118 2463 4172 sibi
2494 4126 2934 4188 prasentaretur,
2967 4127 3018 4174 et
3043 4121 3167 4188 jure
3187 4119 3453 4191 primatus

1858 4211 1944 4265 sui
1975 4209 2365 4278 subjectionem
2397 4216 2449 4262 et
2480 4208 2849 4263 obedientiam
2901 4207 3268 4279 proﬁteretur,
3300 4209 3452 4282 quod

1859 4301 2120 4355 hactenus
2150 4314 2249 4353 nec
2277 4297 2332 4352 in
2364 4297 2670 4353 Senonensi
2690 4299 2973 4368 provincia
2991 4314 3093 4355 nec
3123 4299 3180 4353 in
3205 4299 3324 4356 aliis
3354 4315 3454 4356 an-

1859 4388 2076 4458 tiquitas
2103 4386 2353 4451 instituit,
2385 4403 2489 4441 nec
2535 4387 2874 4442 consuetudo
2924 4388 3184 4444 servavit.
3239 4411 3261 4437 ιι
3299 4390 3454 4446 Unde

1860 4477 2167 4532 obtestatur
2197 4484 2253 4530 ut
2274 4476 2324 4530 si
2354 4475 2488 4530 nihil
2533 4475 2586 4529 in
2617 4491 2702 4542 eo,
2749 4476 2896 4548 quod
2944 4477 3114 4532 sacris
3145 4479 3452 4534 canonibus

1859 4574 2060 4643 obviet,
2095 4582 2364 4642 repertum
2395 4572 2576 4640 fuerit,
2603 4575 2900 4629 secundum
2930 4575 3213 4647 antiquum
3242 4592 3455 4634 morem

1861 4663 2177 4719 consecrari
2200 4662 2498 4733 permittat.
2529 4662 2729 4730 «Quod
2759 4664 2801 4717 si
2833 4663 2961 4719 huic
2982 4664 3231 4734 petitioni
3253 4673 3455 4721 nostra

1863 4752 2268 4824 acquieveritis,
2303 4751 2494 4824 inquit,
2529 4760 2850 4807 consecrato
2904 4752 3052 4806 omni
3091 4754 3271 4809 studio
3323 4770 3456 4824 per-

1865 4848 2214 4903 suadebimus
2248 4856 2302 4902 ut
2351 4848 2646 4918 primatum
2703 4848 2954 4918 Lugdun.
2995 4848 3257 4904 Ecclesia
3301 4851 3458 4906 vobis

1865 4938 2004 4994 sicut
2035 4937 2249 5008 primati
2284 4953 2382 4991 suo
2413 4937 2651 4999 deferat,
2686 4945 2738 4992 et
2768 4953 2982 4992 omnem
3027 4937 3262 4993 debitam
3305 4955 3457 4996 reve-

1870 5035 2095 5090 rentiam
2125 5034 2427 5088 secundum
2451 5032 2769 5090 traditiones
2798 5035 3014 5089 Patrum
3048 5034 3315 5088 exhibeat.
3350 5035 3462 5099 Qui

1871 5132 1917 5186 si
1946 5130 2294 5202 acquiescere
2352 5131 2587 5186 noluerit
2643 5130 3110 5203 persuasionibus,
3153 5148 3256 5187 nos
3284 5141 3465 5188 tamen

1872 5221 1941 5276 ab
1970 5219 2055 5274 his
2082 5237 2204 5290 qua
2231 5220 2551 5291 praceperit
2590 5221 2890 5291 apostolica
2921 5219 3082 5276 sedes
3103 5237 3209 5276 non
3237 5222 3461 5278 recede-

1873 5334 2019 5372 mus.
2061 5340 2082 5365 »
2121 5318 2420 5388 Rescripsit
2450 5319 2633 5390 Lugd.
2699 5319 2926 5374 antistes
2985 5317 3270 5388 epistolam
3301 5336 3464 5392 quam

1874 5407 2061 5461 videre
2091 5415 2173 5462 est
2205 5407 2257 5460 in
2289 5406 2448 5462 Misc.
2481 5407 2670 5462 Baluz.
2710 5415 2749 5462 t.
2785 5407 2875 5472 Vl,
2909 5423 2969 5477 p.
2997 5407 3122 5463 426.
3159 5408 3388 5480 Scripsit
3415 5418 3471 5466 et.

1875 5497 1946 5552 ad
1977 5495 2251 5551 Urbacum
2276 5494 2565 5566 epistolam
2606 5496 3008 5569 sexagesimam
3057 5497 3296 5569 quintam
3326 5499 3470 5555 idem

1876 5596 1993 5649 Ivo.
2031 5616 2052 5641 «
2093 5595 2172 5648 De
2194 5593 2495 5648 Senonensi
2525 5593 2720 5662 electo,
2760 5597 2911 5663 cujus
2955 5594 3301 5651 consecratio
3328 5611 3360 5651 a
3388 5596 3477 5653 le-

1879 5692 2008 5756 gato
2038 5697 2220 5738 vestro
2250 5683 2598 5755 Lugdunensi
2628 5682 3039 5754 archiepiscopo
3065 5683 3134 5738 ob
3165 5685 3269 5740 hoc
3296 5685 3477 5757 impe-

1882 5782 2043 5850 ditur,
2077 5781 2198 5853 quia
2221 5781 2270 5836 ei
2303 5783 2428 5851 jure
2484 5781 2749 5852 primatus
2798 5780 2900 5848 sui,
2934 5789 3060 5836 ante
3099 5782 3480 5839 consecratio-

1883 5894 2008 5932 nem
2036 5894 2210 5945 suam,
2247 5877 2610 5934 obedientiam
2658 5893 2766 5933 non
2807 5875 3112 5948 profitetur,
3155 5877 3285 5950 quid
3319 5879 3481 5934 nobis

1885 5976 2156 6047 agendum
2186 5976 2256 6031 sit
2285 5976 2550 6033 rescribat
2565 5983 2746 6033 vestra
2773 5975 3094 6048 paternitas.
3122 5993 3149 6029 »-
3175 5976 3235 6031 In
3257 5975 3481 6042 [venam
