3882 6398
594 416 698 473 495

1545 410 1743 470 HUGO
1781 414 2279 474 LUGDUNENSIS
2316 418 2943 484 ARCHIEPSICOPUS.

3786 440 3796 493 Α

591 546 900 633 cpmmotus
928 538 1029 595 fuit
1076 539 1352 633 Urbanus.
1379 544 1451 633 _et
1479 546 1545 633 ut
1576 538 1693 633 ipse
1722 540 1966 633 putabat,
1992 551 2193 633 agente
2222 544 2272 606 Α
2306 544 2653 616 profecturus
2682 551 2927 608 nuntium
2959 556 3309 626 praemisisset
3325 559 3406 615 ad
3421 559 3796 633 archiepiscOpu

588 631 824 703 Hugone
851 629 1055 703 legato,
1087 629 1157 684 de
1206 643 1315 701 quo
1346 627 1429 685 sic
1476 627 1530 682 in
1563 627 1795 699 epistola
1837 632 1906 685 67
1953 632 2024 687 ad
2064 648 2188 689 eum

587 716 924 792 pontiﬁcem,
971 718 1101 790 quia
1146 717 1205 772 in
1256 732 1324 773 ea
1364 716 1600 788 epistola
1641 718 1904 774 nonnulla
1937 743 1960 768 ιι
2022 722 2190 777 verba

586 823 751 866 secus
778 823 941 881 quam
967 805 1132 865 vellet
1185 813 1508 873 sonuerunt,
1540 806 1784 862 maxime
1831 808 1900 863 de
1951 810 2190 880 primatu

587 894 1029 970 Lugdunensi...
1078 894 1384 952 secundum
1429 894 1576 968 quod
1602 892 1833 952 affectus
1864 895 1982 966 fuit,
2014 898 2188 970 parti—

581 985 760 1058 cipem
790 1000 908 1051 vos,
939 982 1135 1058 inquit,
1179 1000 1294 1040 suae
1332 981 1709 1039 amaritudinis
1753 983 1874 1042 fieri
1920 986 2114 1043 voluit.
2159 1011 2183 1037 ι

578 1084 811 1142 Demum
839 1097 963 1141 cum
1009 1081 1149 1139 nihil
1186 1082 1483 1155 proficeret
1531 1081 1902 1151 Daimbertus,
1953 1086 2186 1142 Romam

578 1171 856 1249 profectus
902 1178 1005 1240 est,
1067 1179 1123 1228 et
1167 1186 1202 1228 a
1260 1171 1516 1243 pontifice
1578 1171 1896 1230 conditione
1932 1177 2187 1246 apposita

576 1271 954 1321 consecratus.
985 1262 1183 1317 Postea
1228 1268 1411 1317 tamen
1468 1260 1698 1317 Romam
1750 1262 1947 1319 iterum
1995 1264 2184 1337 profe-

578 1359 697 1410 ctus
743 1358 859 1406 tum
901 1365 1004 1423 pro
1057 1366 1239 1406 causa
1279 1349 1541 1422 primatus
1576 1350 1812 1418 actione,
1858 1360 1970 1408 tum
2014 1376 2037 1401 α
2082 1368 2185 1425 pro

576 1439 855 1499 communi
881 1437 1146 1512 synodica
1176 1439 1483 1506 vocatione,
1522 1462 1544 1487 ι»
1577 1440 1947 1510 praesentibus
1988 1440 2182 1515 Hugo-

575 1529 663 1587 nis
688 1527 887 1601 legatis
914 1526 1157 1584 lsmione
1187 1527 1376 1584 Diensi
1406 1527 1687 1599 episcopo,
1714 1528 1914 1585 Girino
1935 1530 2173 1597 decano,

568 1634 699 1697 etc.,
729 1624 883 1682 sedis
920 1623 1238 1695 apostolica
1277 1633 1515 1699 cogente
1530 1624 1762 1695 judicio,
1788 1626 1939 1681 omni
1962 1626 2181 1683 demum

570 1712 1033 1789 tergiversatione
1057 1712 1254 1785 posita,
1287 1712 1343 1768 in
1374 1714 1623 1770 manibus
1653 1713 1863 1771 Urbani
1894 1715 2181 1787 professus

570 1812 657 1862 est
682 1819 743 1861 se
764 1811 820 1859 et
836 1801 1219 1874 Lugdunensis
1242 1801 1508 1859 Ecclesiae
1528 1802 1823 1874 primatum
1843 1819 2173 1877 agnoscere,

571 1910 627 1960 et
652 1898 871 1974 Hugoni
901 1898 1130 1971 ejusque
1174 1899 1593 1956 successoribus
1632 1907 1887 1973 tanquam
1920 1901 2173 1973 primati-

568 1990 679 2066 bus
738 1988 1148 2059 obsecuturum,
1209 1996 1543 2060 protestatus
1600 1989 1849 2061 insuper,
1913 1999 2110 2047 statuto
2149 2006 2183 2046 a

567 2076 827 2154 pontifice
874 2084 1140 2146 tempore,
1195 2093 1257 2133 se
1302 2077 1632 2151 Lugdunum
1682 2087 1997 2147 venturum,
2034 2087 2086 2135 et
2125 2080 2182 2133 in

567 2174 864 2239 conspectu
902 2164 1288 2237 Lugdunensis
1322 2166 1589 2223 Ecclesiae
1618 2165 1673 2223 id
1704 2166 1882 2239 ipsum
1924 2183 2022 2223 ore
2050 2184 2179 2239 pro-

567 2257 691 2331 prio
720 2252 1124 2328 professarum.
1168 2254 1460 2311 Promissis
1492 2272 1618 2312 vero
1650 2255 1868 2312 stetisse
1906 2255 2033 2312 inde
2063 2272 2179 2312 ma-

567 2347 826 2405 nifestum
854 2350 959 2411 est,
980 2340 1126 2414 quod
1148 2343 1252 2416 ipsi
1277 2343 1590 2401 rescribcns
1612 2345 1861 2417 Hugonis
1890 2361 2180 2401 successor

564 2435 686 2494 haec
723 2434 924 2490 habeat
956 2450 971 2487 :
1016 2454 1045 2489 ι
1081 2432 1401 2489 Meminisse
1430 2442 1587 2506 potes
1616 2434 1765 2505 quia,
1798 2450 1862 2489 ex
1894 2450 2003 2506 quo
2031 2433 2178 2489 ami-

568 2524 755 2582 citiam
786 2534 837 2581 et
866 2525 1297 2582 familiaritatem
1327 2519 1591 2579 Ecclesiae
1606 2522 1989 2594 Lugdunensis
2022 2539 2179 2579 recu-

565 2613 795 2687 perasti,
826 2615 1170 2689 gratulanter
1198 2621 1255 2669 te
1299 2611 1452 2679 vidit,
1493 2610 1829 2667 exsultanter
1859 2611 2082 2682 recepit,
2125 2620 2178 2667 et

563 2711 769 2778 quanta
795 2703 969 2775 potuit
996 2702 1285 2761 aﬂectione
1309 2700 1628 2756 honoravit.
1670 2723 1693 2750 »ι
1721 2701 1778 2755 Id
1811 2700 1993 2771 ipsum
2011 2709 2175 2756 testa-

562 2800 652 2849 tur
680 2791 961 2849 Goﬂ’ridus
980 2789 1406 2849 Vindocinensis
1435 2789 1605 2844 abbas
1648 2789 1844 2860 epistol
1875 2790 1944 2843 18
1968 2789 2064 2844 lib.
2101 2805 2171 2856 ll;

567 2903 590 2930 α
634 2881 809 2938 Roma
838 2896 974 2939 cum
999 2880 1311 2948 rediissem,
1336 2877 1529 2951 inquit,
1553 2885 1606 2933 et
1629 2877 1878 2950 Lugduni
1901 2894 1929 2932 a
1951 2877 2174 2934 domino

557 2970 793 3043 primate
833 3013 845 3026 .
867 3012 881 3026 .
903 3010 918 3026 .
940 3012 953 3025 .
975 3012 989 3027 .
1025 2967 1327 3026 honorifice
1340 2974 1633 3038 susceptus
1645 2967 2084 3026 fuissem.audivi
2100 2967 2171 3023 ab

559 3059 682 3132 ipso
710 3059 1211 3132 archiepiscopo...
1282 3056 1545 3113 domuum
1603 3054 1983 3113 Senonensem
2042 3071 2169 3112 cum

553 3147 650 3205 illo
678 3147 877 3206 fecisse
905 3164 1097 3222 pacem
1129 3155 1213 3213 ;ct
1242 3161 1463 3203 omnem
1492 3144 1863 3201 obedientiam
1899 3144 2000 3214 illi,
2038 3152 2166 3200 tan-

556 3253 725 3311 quam
759 3254 860 3296 suo
889 3238 1123 3311 primati,
1166 3234 1512 3309 promisisse.
1538 3258 1561 3283 ιο

620 3338 780 3392 Anno
814 3339 949 3392 1096
985 3334 1269 3393 Urbanum
1299 3332 1518 3388 Turono
1574 3330 1866 3387 comitatus
1915 3337 2020 3399 est,
2051 3330 2160 3386 ibi-

551 3439 663 3498 que
688 3423 861 3480 adfuit
888 3422 1124 3481 concilio
1153 3437 1184 3477 a
1212 3418 1469 3492 pontifice
1498 3419 1804 3490 celebrato,
1833 3419 2161 3491 subscripsit

549 3528 604 3579 et
632 3520 1022 3593 compositioni
1053 3520 1166 3577 litis
1196 3518 1342 3575 inter
1358 3517 1839 3575 Cormeriacenses
1860 3518 2161 3574 monachos

552 3616 609 3667 et
641 3611 932 3668 ecclesiam
960 3610 1018 3667 8.
1044 3608 1259 3665 Martini
1286 3606 1648 3671 Turonensis;
1672 3604 1973 3663 deﬁnitioni
2002 3623 2160 3679 papae

548 3720 654 3779 qua
684 3706 749 3761 S.
784 3705 977 3762 Crucis
1004 3714 1058 3761 et
1079 3703 1249 3759 sancti
1265 3702 1477 3759 Nicolai
1497 3703 1568 3757 de
1591 3702 1878 3757 Lausduno
1898 3702 2161 3759 Ecclesiae

543 3794 887 3852 monasterio
922 3791 1342 3851 Trenorchiensi
1371 3791 1687 3860 adjudicattr
1720 3798 1848 3845 sunt
1886 3790 2159 3847 adversus

553 3884 811 3940 abbatem
844 3884 909 3940 S.
949 3881 1246 3946 Florentii;
1276 3895 1344 3936 ac
1372 3879 1590 3935 tandem
1644 3879 1894 3936 ecclesiae
1944 3879 2160 3949 Majoris

542 3972 859 4029 lonasterii
902 3968 1323 4028 consecrationi.
1369 3969 1485 4024 Hoc
1513 3968 1707 4025 eodem
1736 3983 1881 4023 anno
1924 3967 2158 4023 Guillel-

541 4077 668 4119 mus
697 4060 958 4118 Forensis
984 4075 1173 4117 comes
1199 4057 1495 4115 ecclesiam
1549 4056 1609 4112 S.
1665 4055 1869 4111 Juliani
1899 4055 1970 4112 de
1999 4058 2157 4112 Mon-

541 4148 730 4218 donio,
748 4164 913 4222 quam
951 4150 1195 4206 comites
1211 4148 1481 4204 Foremes
1491 4162 1596 4220 per
1611 4146 1803 4202 multa
1821 4149 2077 4218 tempora
2094 4146 2157 4201 in

544 4258 670 4328 [eeo
696 4254 768 4309 ab
795 4252 1033 4310 ecclesia
1061 4253 1120 4309 8.
1153 4250 1418 4323 Stephani
1436 4249 1820 4324 Lugdunensis
1841 4258 2153 4318 tenuerant,

545 4352 602 4409 in
637 4366 830 4408 manus
886 4350 1140 4423 Hugonis
1201 4348 1604 4421 archiepiecopi
1662 4349 1940 4405 restituit:
1993 4352 2156 4424 Hugo

543 4469 678 4514 vero
706 4452 855 4511 dedit
884 4469 1011 4511 eam
1033 4455 1095 4509 in
1134 4468 1315 4508 manu
1343 4451 1541 4507 Pontii
1582 4450 1799 4507 abbatis
1843 4451 2150 4536 Cassa-Dei,

538 4552 753 4627 hocque
781 4552 990 4609 donum
1019 4547 1375 4607 conﬁrmavit
1402 4548 1657 4623 Lugduni
1684 4549 1740 4604 in
1769 4558 2042 4608 conventu
2064 4566 2154 4608 ca-

544 4657 889 4701 nomcorum.

608 4734 807 4790 Mirum
837 4737 1036 4806 quanta
1091 4727 1450 4801 benignitate,
1501 4742 1605 4800 qua
1660 4730 1972 4787 reverentia
2002 4730 2151 4804 quali

541 4821 912 4881 munificentia
940 4817 1260 4875 Anselmum
1287 4815 1540 4873 exsulem
1569 4816 1713 4888 apud
1743 4833 1804 4873 se
1851 4820 2146 4892 receperit,

541 4931 595 4980 et
624 4926 822 4996 quanta
866 4926 1058 4974 mutuo
1103 4914 1347 4973 devincti
1393 4913 1503 4969 sint
1544 4913 1809 4971 amicitia.
1870 4917 2002 4974 Inita
2035 4919 2147 4989 jam

538 5024 716 5083 fuerat
768 5022 1087 5096 priusquam
1142 5016 1437 5075 Anselmus
1489 5016 1917 5076 Cantuarienses
1946 5020 2144 5077 infulas

536 5127 827 5194 induisset,
859 5130 918 5180 ut
942 5128 1092 5196 patet
1117 5137 1180 5177 ex
1213 5119 1385 5193 ipsius
1415 5117 1664 5192 epistotis
1696 5120 1751 5176 ll
1806 5130 1860 5177 et
1906 5124 1987 5189 l7,
2022 5123 2146 5180 libri

537 5225 785 5285 secundi.
816 5222 957 5280 Hinc
986 5235 1110 5277 cum
1136 5234 1279 5275 anno
1311 5220 1448 5273 1095
1498 5217 1708 5273 turbata
1753 5220 1937 5276 omnia
1968 5219 2146 5279 forent

538 5315 593 5371 in
631 5313 848 5387 Anglia,
890 5310 1019 5384 quia
1054 5308 1337 5367 Urbanum
1404 5320 1505 5379 pro
1564 5306 1810 5382 legitimo
1862 5310 2137 5381 pontifice,

539 5405 807 5461 adversus
848 5399 1002 5473 regis
1064 5396 1422 5472 prOpositum,
1482 5410 1543 5452 se
1606 5397 1811 5454 habere
1857 5399 2142 5471 professus

537 5496 727 5570 fuerat,
756 5498 979 5571 scripsit
1005 5495 1220 5569 Hugoni
1249 5501 1438 5552 nostro
1492 5494 1787 5553 consulens
1836 5513 1969 5554 nutu
2000 5497 2141 5555 inter

538 5604 615 5655 tot
646 5597 837 5654 turbas
885 5594 1057 5651 satius
1107 5609 1218 5649 non
1255 5600 1410 5650 esset
1465 5590 1838 5666 episcOpatum
1884 5594 2139 5654 abdicare

537 5710 702 5766 quam
728 5693 846 5750 sine
871 5690 1051 5749 fructu
1080 5691 1322 5746 retinere
1346 5688 1480 5761 (libr
1504 5706 1583 5759 ιιι,
1621 5690 1792 5764 epist.
1834 5694 1944 5763 3L).
1978 5696 2139 5753 Anno

536 5781 787 5857 sequenti
811 5797 937 5838 cum
980 5778 1038 5836 in
1094 5777 1331 5835 Galliam
1377 5779 1641 5851 venisset,
1694 5796 1762 5838 ac
1810 5781 2138 5858 Lugdunum

606 5914 693 5993 (ἱ)
714 5912 921 5972 Esord.
948 5925 1100 5984 mag.
1131 5910 1366 5967 Cisterc.
1402 5925 1534 5984 cap.
1573 5913 1670 5971 12.

2297 634 2386 690 hic
2413 650 2618 709 magno
2647 655 2708 695 se
2734 639 2877 699 illius
2909 644 3127 700 videndi
3156 646 3449 704 desiderio
3493 649 3663 705 teneri
3688 666 3796 722 pert

2295 723 2522 797 gniores
2550 741 2626 782 ex
2655 728 2770 784 suis
2799 730 3154 790 familiaribus
3182 735 3550 809 signiﬁcavit,
3577 746 3625 793 et
3653 746 3703 793 ut
3728 757 3796 812 qut

2296 812 2474 868 tocius
2502 813 2570 868 ad
2593 832 2653 870 se
2686 820 2894 876 veniret
2941 824 3224 891 exoravit;
3265 826 3362 882 ubi
3422 842 3559 882 vero
3586 828 3796 900 Lugduni

2296 900 2473 973 attigit
2501 902 2583 957 vir
2611 914 2852 974 sanctus,
2884 908 3207 968 incredibile
3241 913 3397 971 dictu
3445 924 3533 970 est
3562 925 3739 988 quanta
3757 935 3796 973 ct

2295 990 2648 1048 veneratione
2675 1004 2942 1067 exceptus
2972 996 3157 1054 fuerit.
3196 1003 3361 1057 Anno
3398 1002 3543 1059 1099
3591 1004 3741 1061 Roma
3767 1007 3795 1061 L

2293 1075 2539 1166 gdunum
2571 1096 2844 1152 reversus,
2894 1085 2968 1141 ibi
3028 1104 3135 1144 non
3176 1089 3313 1145 sicut
3355 1091 3569 1164 hospes
3614 1102 3694 1148 aut
3726 1112 3795 1166 per

2293 1165 2506 1248 grinus.
2539 1167 2638 1223 sed
2668 1186 2803 1227 vere
2826 1171 2969 1229 sicut
2998 1174 3258 1248 indigena
3287 1186 3344 1234 et
3377 1178 3493 1235 loci
3523 1165 3795 1235 dominush

2294 1247 2436 1305 bitus
2464 1259 2547 1307 est
2575 1252 2911 1327 episcopalis
2944 1247 3149 1327 munia,
3176 1278 3284 1318 non
3307 1279 3482 1320 secus
3503 1280 3569 1320 ac
3599 1266 3648 1319 iu
3677 1283 3796 1337 propr

2293 1338 2527 1395 ecclesia
2550 1357 2835 1413 exercens,
2877 1358 3217 1405 sacramenta
3265 1352 3591 1419 conferens,
3646 1355 3796 1425 omniql

2286 1428 2418 1496 jure
2468 1428 2558 1485 vel
2596 1430 2801 1488 invitus
2835 1435 3107 1507 gaudens.
3163 1438 3333 1495 Tanta
3384 1442 3443 1496 in
3491 1458 3613 1498 eum
3658 1444 3796 1515 Hngou

2291 1527 2621 1593 reverentia,
2674 1538 2731 1585 ut
2777 1531 2972 1590 missas
3027 1535 3322 1593 celebranti
3382 1537 3703 1611 suﬂ‘raganei
3748 1540 3796 1595 lot

2289 1614 2887 1692 serviret,ubicunque
2943 1639 3252 1681 sermonem
3312 1627 3545 1685 facienti
3598 1630 3662 1685 ad
3706 1631 3795 1701 pede

2286 1702 2524 1760 sederet.
2559 1706 2711 1763 Unde
2739 1708 2794 1764 in
2824 1710 3056 1783 epistola
3084 1713 3152 1770 ad
3196 1716 3501 1789 Hugonem
3534 1718 3796 1774 Cantuarien

2284 1808 2400 1847 sem
2431 1793 2893 1867 archidiaconum,
2930 1818 3050 1873 quae
3080 1814 3312 1860 nonaest
3344 1806 3405 1861 in
3430 1806 3796 1879 Spicil.tom.lX

2203 1900 2257 1962 Β
2285 1887 2339 1943 in
2370 1906 2480 1962 qua
2509 1892 2675 1976 refert
2705 1911 2869 1966 quam
2901 1897 3138 1973 benigne
3168 1901 3373 1974 ubique
3404 1903 3480 1960 ab
3506 1904 3795 1976 episc0pisext

2289 1983 2477 2044 ceptus
2511 1975 2686 2043 fuerit,
2729 1981 2845 2036 haec
2890 1982 3086 2040 habet:
3127 2008 3150 2034 ι
3184 1986 3321 2043 inter
3374 2005 3519 2062 quos
3544 1975 3796 2045 venerabile

2288 2062 2732 2137 archiepiscOpus
2760 2067 3152 2143 Lugdunensis
3180 2075 3390 2149 gaudet
3448 2078 3520 2133 ad
3557 2094 3753 2149 pressus
3772 2093 3796 2130 St

2288 2166 2443 2206 suam
2475 2153 2605 2208 mihi
2645 2155 3066 2215 munificentiam
3111 2164 3331 2235 copiose
3363 2175 3421 2221 et
3460 2165 3724 2223 honorifice
3743 2182 3796 2220 ex-

2286 2239 2477 2298 hibere
2504 2251 2557 2298 et
2584 2242 2858 2302 desiderat
2879 2264 2966 2306 me
2993 2266 3211 2324 semper
3227 2269 3441 2322 secum,
3466 2255 3684 2329 quandiu
3701 2254 3796 2310 exsul

2285 2344 2383 2384 ero
2414 2330 2482 2385 ab
2514 2332 2752 2389 ecclesia
2782 2345 2986 2406 nostra,
3015 2355 3251 2398 manere.
3290 2363 3312 2394 ι
3350 2346 3514 2401 Anno
3557 2346 3690 2410 1103,
3725 2359 3791 2397 cus

2283 2416 2479 2505 iterum
2503 2436 2565 2477 ex
2585 2422 2787 2493 Anglia
2816 2426 3012 2497 egredi
3044 2439 3331 2500 cogeretur
3362 2443 3584 2490 sanctus
3609 2432 3788 2505 pontifex.

2283 2504 2457 2563 Roma
2489 2509 2809 2581 Lugdunum
2842 2516 3076 2585 repetiit,
3101 2519 3191 2573 ubi
3210 2520 3276 2575 ab
3307 2504 3713 2595 archiepiscopo,
3736 2534 3787 2587 pro

2281 2610 2435 2653 more
2463 2599 2644 2667 solito,
2672 2617 2885 2659 summo
2901 2605 3109 2662 honore
3122 2617 3400 2680 exceptus,
3424 2611 3567 2683 apud
3581 2627 3682 2667 cum
3702 2624 3782 2663 tam

2280 2684 2496 2759 integro
2526 2695 2577 2743 et
2610 2690 2893 2747 mensibus
2922 2707 3159 2766 quatuor
3177 2698 3483 2771 hospitatus
3527 2708 3625 2757 est.
3666 2699 3784 2753 Exstat

2278 2772 2422 2830 inter
2450 2776 2697 2833 Anselmi
2730 2780 2956 2847 litteras,
3004 2784 3248 2857 Hugonis
3284 2789 3352 2843 ad
3392 2789 3567 2861 ipsum
3608 2786 3778 2859 epistola.

2278 2878 2385 2936 qua
2432 2865 2707 2937 significat
2752 2885 2813 2925 se
2859 2871 3187 2931 incolumem
3226 2876 3580 2950 Jerosolymis
3614 2875 3779 2931 rediisse.

2276 2976 2510 3035 eumque
2539 2964 2734 3021 invitat
2762 2975 2843 3029 ut.
2867 2968 2913 3023 si
2952 2984 2984 3025 a
3013 2987 3146 3043 rege
3203 2974 3505 3046 Anglorum
3550 2973 3777 3031 divexelur.

2272 3051 2343 3106 ad
2373 3067 2434 3108 se
2464 3052 2740 3111 declinare
2770 3072 2878 3112 non
2907 3056 3250 3133 dedignetur,
3286 3086 3310 3113 ι
3344 3073 3398 3120 et
3425 3064 3492 3119 ad
3518 3064 3700 3119 domum
3721 3074 3780 3111 ve-

2273 3147 2465 3197 stram.
2499 3140 2691 3214 inquit,
2716 3160 2838 3216 qute
2859 3155 3038 3202 vestra
3087 3148 3201 3216 fuit,
3235 3159 3289 3207 et
3317 3169 3444 3225 quae
3498 3151 3643 3208 modo
3659 3154 3778 3203 resin

2193 3262 2245 3329 α
2275 3236 2381 3329 est,
2411 3237 2466 3329 et
2495 3230 2566 3286 de
2595 3231 2687 3329 die
2708 3232 2763 3287 in
2793 3233 2937 3329 diem
2970 3253 3186 3309 semper
3210 3240 3410 3298 melius
3456 3251 3621 3298 vestra
3641 3236 3734 3293 erit.
3762 3258 3773 3279 ι

2273 3317 2384 3373 Sed
2404 3318 2519 3387 jam
2540 3319 2611 3374 ad
2642 3321 2889 3393 Hugonis
2916 3326 3176 3386 annales.

2340 3421 2499 3476 Anno
2532 3425 2669 3478 1097
2722 3424 3015 3482 Berardum
3058 3428 3474 3501 Lugdunensem
3517 3427 3773 3487 archidiaco-

2268 3533 2398 3574 num
2421 3523 2769 3578 consecravit
2794 3522 2849 3578 in
2880 3526 3192 3599 episcOpum
3223 3524 3769 3592 Matisconensem;H“'

2268 3631 2470 3687 gonem
2500 3619 2825 3675 monachum
2866 3623 3404 3699 San-Benignianum
3434 3624 3671 3686 concessit
3692 3621 3770 3676 Fla-

2267 3705 2671 3763 viniacensibus
2702 3708 2755 3763 in
2783 3710 3058 3781 abbatem,
3091 3730 3321 3788 eumque
3356 3719 3424 3775 ad
3444 3734 3501 3774 se
3527 3714 3763 3788 profectum.

2265 3795 2336 3849 ad
2371 3795 2727 3867 Haganonem
2774 3799 3085 3858 Eduensem
3138 3806 3345 3861 remisit
3402 3799 3763 3864 consecrandum.

2265 3882 2485 3954 scriptis
2505 3884 2576 3939 ad
2601 3886 2920 3959 episcopum
2957 3888 3151 3948 litteris
3179 3911 3311 3967 quas
3339 3895 3457 3968 ipse
3498 3896 3632 3965 Hngo
3655 3886 3760 3943 refert

2263 3970 2321 4026 in
2350 3972 2635 4031 chronico.
2672 3976 2842 4032 Litem
2872 3995 3088 4053 quoque
3112 3998 3271 4055 quam
3300 3986 3558 4042 habebant
3584 3970 3760 4036 monachi

2264 4069 2727 4129 Trenorchienses
2759 4089 2886 4130 cum
2928 4076 3381 4139 Cluniacensibus
3417 4083 3483 4139 ad
3512 4078 3663 4136 sedem
3686 4072 3755 4127 Βο·

2264 4173 2484 4215 manam
2547 4161 2836 4233 perlatam.
2888 4166 3096 4223 remisit
3146 4170 3394 4228 Urbanus
3430 4171 3495 4228 ad
3530 4162 3753 4242 pontiﬁcem

2262 4255 2526 4316 nostrum,
2549 4251 2638 4323 qui
2669 4266 2789 4307 eam
2812 4254 2991 4310 statim
3020 4259 3340 4323 composuit.

2333 4349 2492 4403 Anno
2538 4350 2676 4405 1099
2723 4366 2836 4405 rem
2868 4350 2997 4410 fecit
3032 4362 3234 4413 aeterna
3288 4357 3536 4416 memoria
3583 4352 3744 4423 dignam:

2261 4431 2645 4489 Cisterciensis
2676 4438 2989 4494 monasterii
3016 4448 3070 4496 et
3097 4441 3304 4498 ordinis
3324 4435 3739 4515 primordiafovem

2261 4529 2395 4585 Cum
2424 4531 2569 4587 enim
2599 4532 2662 4588 S.
2700 4533 2975 4591 Robertus
3005 4536 3368 4598 Molismensis
3386 4541 3739 4598 abbascumnoﬂ'

2177 4626 2233 4689 1)
2262 4620 2428 4675 nullis
2452 4622 2742 4678 monachis
2793 4624 3035 4696 regulam
3075 4626 3132 4683 S.
3168 4629 3438 4689 Benedicti
3480 4630 3645 4697 absque
3672 4615 3737 4671 "’1‘

2256 4716 2600 4791 mitigatione
2627 4734 2850 4777 servare
2879 4721 3234 4793 decrevisset,
3264 4729 3456 4785 timens
3480 4713 3732 4798 Linguam-‘3

2257 4812 2498 4884 episcOpi
2546 4815 2944 4884 auctoritatem,
2986 4834 3090 4890 qua
3113 4819 3227 4890 jam
3269 4838 3301 4880 a
3333 4823 3519 4883 Vivico
3540 4819 3731 4877 revoclms

2255 4901 2452 4968 fuerat,
2497 4903 2745 4960 Molismo
2786 4921 2914 4961 cum
2951 4922 3045 4963 sex
3089 4911 3252 4967 sociis
3291 4914 3560 4985 profectus,
3590 4900 3728 4974 1:08“

2253 5006 2383 5047 num
2414 4992 2564 5063 petit,
2595 5000 2759 5065 atque
2808 4994 3023 5068 Hugoni
3069 4999 3472 5077 archiepiscOpo
3506 5011 3624 5057 suum
3649 5001 3726 5045 500‘

2253 5108 2482 5165 rumque
2512 5090 2861 5167 prOpositum
2892 5094 3131 5170 exponit,
3172 5102 3475 5173 praesidium
3501 5106 3544 5156 et
3567 5095 3720 5151 favorem

2252 5190 2536 5261 postulat:
2569 5200 2663 5259 ille
2690 5218 2799 5260 non
2830 5205 3012 5260 statim
3042 5201 3359 5274 acquiescit,
3394 5201 3532 5273 jubet
3554 5191 3717 5250 niveum

2251 5290 2555 5361 consulant,
2585 5311 2649 5354 ac
2685 5298 2793 5354 sibi
2822 5293 3126 5359 rescribam
3157 5319 3170 5357 :
3207 5317 3413 5359 morem
3445 5297 3615 5375 gerum.
3636 5295 3713 5341 σου·

2248 5392 2478 5445 stantem
2506 5389 2563 5447 in
2594 5396 2878 5468 proposito
2906 5398 3233 5456 voluntatem
3263 5399 3546 5473 significant
3564 5406 3575 5444 ε
3596 5381 3712 5458 quib“

2249 5481 2304 5539 in
2334 5486 2477 5545 hunc
2506 5492 2725 5549 modum
2755 5496 3050 5568 respondet
3081 5497 3157 5571 (2)
3181 5516 3195 5553 :
3223 5522 3245 5546 α
3280 5499 3435 5572 Hugo
3451 5473 3705 5566 Lugdunensis

2249 5582 2564 5660 episcopus,
2616 5600 2668 5649 et
2714 5595 2786 5648 A.
2827 5594 2884 5651 S.
2926 5595 3158 5669 legatus,
3219 5596 3451 5657 Roberto
3489 5584 3701 5649 Μοιὶεωεπῆ

2246 5681 2433 5740 abbati
2493 5696 2549 5744 et
2608 5688 2870 5749 fratribus
2922 5711 3043 5751 cum
3101 5711 3168 5753 eo
3235 5697 3513 5755 secundum
3556 5673 3697 5771 "5""?

2246 5778 2303 5837 S.
2352 5782 2631 5845 Benedicti
2680 5790 2796 5848 Deo
2853 5791 3060 5851 servire
3112 5794 3462 5869 cupientibus.
3501 5788 3637 5847 Νοωω
3662 5770 3697 5821 ⁵⁸
3734 5798 3735 5841 1
