3882 6414
122 406 255 465 497

1434 400 1721 460 ΝΟΤΙΤῙΛ
1749 396 2142 458 HISTORICA.

3350 396 3456 456 £98

121 529 398 587 omnibus
426 528 494 587 de
524 530 581 588 S.
624 530 809 586 matris
856 529 1110 587 Ecclesiae
1158 525 1401 600 profectu
1450 528 1741 601 gaudenti-
1770 528 1825 589 Α
1854 541 2002 580 mam
2029 523 2173 580 misit
2202 520 2291 595 qui
2312 538 2513 596 papam
2535 538 2600 579 ea
2619 521 2685 579 de
2705 518 3123 579 reconsulerent
3146 540 3158 577 :
3184 530 3457 580 annuente

118 619 246 675 bus
278 643 300 669 η
337 629 439 675 etc.
482 622 607 676 Vide
626 621 781 692 infra
807 621 961 676 inter
979 621 1250 692 epistolas
1269 621 1533 691 Hugonis.
1556 619 1670 672 Nec
1690 616 1745 670 id

118 718 339 784 solum,
391 717 485 771 sed
542 726 592 771 et
650 718 1011 772 solitariorum
1071 716 1497 771 Cisterciensium
1553 715 1748 770 sancti-

118 806 389 862 moniam
419 806 821 861 commendavit
851 806 1028 861 Odoni
1060 805 1382 877 Burgundiaz
1412 805 1553 873 duci,
1588 821 1617 859 a
1640 819 1746 874 quo

119 896 376 967 plurima
430 903 768 965 acceperunt.
829 898 1038 950 Interea
1091 896 1320 949 Romam
1365 894 1588 965 profecti
1635 895 1746 948 Mo-

122 993 447 1062 lismenses,
482 992 735 1047 abbatem
770 1010 922 1047 suum
955 992 1009 1046 in
1057 992 1286 1047 concilio
1346 992 1595 1047 Molismo
1651 1008 1743 1046 re-

120 1080 292 1135 stitui
323 1081 564 1135 maximo
594 1081 890 1152 deposcunt
946 1080 1155 1134 ardore.
1217 1080 1414 1134 Eorum
1472 1079 1746 1150 questibus

119 1178 451 1224 commotus
510 1169 759 1225 Urbanus
814 1168 1001 1223 scribit
1054 1168 1293 1240 Hugoni,
1352 1169 1435 1223 his
1515 1168 1740 1223 verbis:

130 1290 157 1316 σε
200 1266 410 1335 Coacti,
442 1267 716 1321 dilectioni
752 1274 853 1321 tum
883 1283 980 1339 per
1009 1267 1295 1337 praesentia
1340 1266 1536 1337 scripta
1583 1282 1741 1320 man-

122 1355 360 1421 damus,
392 1355 754 1428 signiﬁcantes
784 1364 997 1427 gratum
1047 1356 1203 1409 nobis
1260 1355 1507 1423 existere,
1567 1362 1642 1422 ut,
1700 1354 1745 1408 si

122 1449 259 1505 ﬁeri
295 1452 483 1523 possit,
523 1452 694 1505 abbas
729 1451 820 1506 ille
875 1452 943 1506 ab
999 1468 1180 1506 eremo
1236 1451 1305 1505 ad
1362 1451 1742 1506 monasterium

123 1541 454 1595 reducatur.
487 1538 645 1609 Quod
666 1540 710 1594 si
743 1540 967 1611 implere
997 1541 1318 1610 nequiveris,
1349 1557 1490 1595 cura:
1540 1540 1632 1593 tibi
1679 1541 1747 1594 sit

123 1635 197 1683 ut
228 1636 284 1683 et
307 1629 396 1698 qui
426 1645 666 1683 eremum
713 1628 953 1683 incolunt
1006 1630 1403 1698 conquisecant,
1435 1636 1488 1683 et
1543 1630 1632 1698 qui
1689 1629 1743 1684 in

123 1718 394 1772 cmuobio
423 1724 547 1772 sunt
600 1717 936 1790 regularibus
992 1716 1287 1789 disciplinis
1342 1718 1650 1772 inserviant.
1715 1741 1736 1765 η

134 1815 397 1886 Acceptis
425 1815 509 1869 his
539 1815 725 1870 litteris
780 1814 1067 1869 concilium
1123 1815 1302 1887 coegit
1356 1817 1534 1887 Hugo,
1592 1815 1745 1885 cujus

1855 623 2116 689 Paschali,
2174 622 2610 695 legationemque
2655 620 2965 694 apostolica;
3011 619 3153 677 sedis
3210 619 3266 675 in
3323 620 3454 676 Asia

1853 710 2128 780 offerente,
2160 711 2259 765 iter
2287 727 2575 783 aggressus
2615 712 2843 765 Romam
2893 709 3047 781 petiit
3094 723 3236 764 anno
3290 709 3450 779 1101,

1854 807 1946 863 ubi
1974 808 2287 863 auctoritate
2318 823 2422 878 qua
2452 805 2743 879 plurimum
2775 805 2990 861 valebat
3040 803 3097 859 in
3144 803 3291 859 curia
3336 803 3453 861 Ro-

1854 913 2034 966 mana,
2066 896 2417 969 Norgaudum
2448 895 2655 951 absolvi
2684 894 2892 950 curavit
2919 895 3022 965 (3).

1924 988 2111 1052 Antea,
2144 1001 2285 1040 anno
2316 984 2520 1040 scilicet
2549 986 2705 1051 1100,
2738 998 2933 1038 novam
2992 981 3231 1037 Cistercii
3286 981 3450 1054 plan-

1855 1083 2109 1138 tationem
2139 1098 2354 1153 semper
2382 1080 2591 1150 fovens,
2614 1081 2805 1136 Joanni
2828 1089 2882 1136 et
2924 1080 3185 1136 Ildebodo
3216 1080 3447 1137 Romam

1854 1171 1923 1226 ab
1959 1171 2207 1226 Alberico
2239 1170 2434 1238 missis,
2492 1168 2962 1225 commendatitias
3017 1169 3086 1225 ad
3130 1169 3446 1226 Paschalem

1853 1276 2050 1331 papam
2082 1260 2281 1314 litteras
2308 1258 2474 1327 dedit,
2508 1258 2562 1313 in
2619 1259 2814 1329 quibus
2846 1278 2858 1314 :
2925 1281 2947 1307 «
2985 1257 3195 1327 Sciatis,
3253 1257 3447 1329 inquit,

1853 1375 1946 1414 eos
1974 1374 2088 1413 esse
2119 1358 2185 1411 de
2218 1357 2451 1428 quodam
2482 1357 2602 1413 loco
2642 1357 2732 1427 qui
2789 1357 3004 1412 Novum
3060 1356 3446 1412 Monasterium

1854 1455 2075 1501 vocatur
2103 1447 2199 1513 (sic
2243 1454 2351 1500 tum
2384 1446 2695 1501 Cistercium
2726 1445 3112 1519 appellabant),
3163 1444 3232 1501 ad
3287 1461 3448 1516 quem

1851 1536 1919 1590 de
1949 1535 2275 1589 Molismensi
2322 1534 2547 1589 ecclesia
2583 1550 2706 1588 cum
2746 1534 2942 1589 abbate
2988 1548 3083 1589 suo
3130 1540 3387 1591 exeuntes
3418 1555 3443 1581 ι»

1853 1641 1977 1702 etc.,
2008 1635 2130 1690 Vide
2146 1635 2303 1705 infra
2319 1634 2477 1689 inter
2494 1636 2658 1704 epist.
2695 1633 2808 1688 Nec
2837 1631 3028 1689 eﬁ‘ectu
3050 1632 3221 1687 caruit
3242 1632 3450 1688 ambie-

1853 1729 2057 1801 piscopi
2088 1729 2395 1799 postulatio,
2429 1746 2551 1783 cum
2582 1729 2868 1801 privilegio
2898 1730 3056 1785 Rom.
3089 1727 3356 1801 pontiﬁcis
3377 1726 3448 1785 ad

1852 1835 1977 1871 suos
2005 1817 2203 1873 reversi
2232 1824 2354 1871 sunt
2385 1832 2539 1872 nova:
2568 1817 2967 1873 reformationis
2993 1816 3217 1873 alumni.

132 1885 310 1959 Stlan
333 1902 512 1974 jussit,
547 1903 671 1957 licet
699 1904 913 1971 invitus,
944 1885 1248 1958 Molismum
1280 1885 1490 1976 regredi
1538 1904 1741 1959 Rober-
1772 1885 1825 1945 Β
1926 1916 2072 1970 Millo
2102 1914 2387 1970 cardinalis
2414 1922 2467 1969 et,
2494 1915 2846 1970 Pmnesﬁnus
2874 1915 3179 1986 episcopus,
3230 1915 3288 1971 in

134 2009 261 2056 tu'o
295 2000 435 2056 etde
484 1999 673 2071 synodi
730 2000 945 2056 decreto
1003 2002 1396 2073 Lingonensem
1451 2001 1739 2056 antistitem

135 2090 363 2144 monuit
390 2098 447 2144 ut
472 2088 604 2143 illud
634 2089 961 2145 exsecutioni
992 2089 1305 2144 demandari
1334 2098 1561 2145 curaret.

214 2190 372 2243 Anno
402 2188 596 2242 eodem
629 2190 764 2241 1000
814 2188 1102 2242 concilium
1160 2187 1490 2257 provinciale
1547 2186 1739 2241 indixit

137 2276 297 2348 apud
330 2277 540 2332 Petram
570 2275 825 2342 Incisam,
858 2284 912 2330 et
958 2276 1329 2330 Daimbertum
1378 2276 1743 2331 Senonensem

131 2364 213 2421 ad
246 2364 378 2419 illud
408 2364 692 2432 invitavit;
728 2365 871 2433 quod
901 2380 1024 2418 cum
1055 2365 1207 2419 Ivoni
1247 2365 1515 2420 videretur
1561 2372 1746 2420 contra

124 2463 250 2533 jus,
284 2462 565 2517 mordaces
593 2460 663 2516 ad
694 2461 844 2516 illum
873 2462 1087 2533 scripsit
1115 2462 1386 2533 epistolas,
1422 2463 1478 2516 in
1516 2480 1742 2532 quarum

134 2567 261 2606 una
292 2567 398 2606 non
430 2550 485 2604 id
513 2550 773 2605 duntaxat
802 2551 997 2622 arguit,
1030 2551 1124 2605 sed
1153 2560 1208 2605 et
1234 2568 1358 2605 eum
1388 2567 1608 2622 carpere
1655 2551 1743 2607 vi—

135 2640 325 2705 detur,
358 2639 503 2709 quod
534 2638 745 2693 facilior
790 2647 930 2694 esset
970 2639 1024 2693 in
1080 2640 1744 2709 excommunicationibus,

132 2736 546 2806 interdictisque
575 2738 945 2805 decernendis,
990 2739 1138 2794 nullo
1191 2738 1294 2806 sui,
1351 2740 1518 2793 multo
1566 2745 1745 2794 autem

138 2827 380 2882 aliorum
410 2824 667 2895 periculo.
701 2826 855 2881 Circa
901 2828 1004 2881 hoc
1060 2834 1269 2897 tempus
1322 2826 1592 2882 Paschalis
1651 2828 1749 2883 Ur-

137 2914 294 2970 bano
323 2911 592 2980 suﬁ‘ectus,
651 2929 858 2969 morem
915 2914 1256 2970 decessorum
1312 2931 1532 2970 suorum
1584 2915 1747 2969 dese-

139 3027 295 3078 rens,
327 3010 473 3065 vices
499 3027 624 3066 suas
650 3011 705 3065 in
732 3012 941 3080 Galliis,
973 3028 1081 3067 non
1111 3014 1324 3085 Hugoni
1374 3013 1536 3068 aliive
1590 3012 1747 3068 Gallo

139 3099 439 3159 commisit.
455 3107 513 3153 ut
541 3100 617 3154 illi
649 3100 888 3155 fecerant
913 3116 927 3169 ;
959 3101 1053 3156 sed
1084 3102 1291 3173 legatos
1320 3101 1466 3156 misit
1485 3118 1552 3155 ex
1573 3101 1745 3168 Italia,

141 3203 379 3258 quorum
437 3188 886 3244 immoderatione
962 3190 1171 3262 fatigati
1246 3197 1527 3258 nostrates,
1603 3190 1749 3261 ipsos

136 3300 296 3357 aegre
325 3285 572 3340 tulerunt.
605 3287 742 3340 Hinc
780 3289 876 3341 Ivo
932 3286 1293 3355 Carnotensis,
1350 3303 1446 3343 suo
1501 3287 1745 3359 collega-

134 3389 374 3443 rumque
401 3374 621 3429 nomine
649 3391 851 3445 papam
881 3376 1090 3447 rogavit
1141 3384 1196 3430 ut
1255 3376 1413 3431 alicui
1470 3376 1747 3446 Cisalpino

140 3462 477 3534 legationem
506 3462 813 3534 injungeret
846 3477 861 3533 ;
899 3487 920 3513 «ι
978 3463 1064 3519 cui
1116 3464 1484 3531 sollicitudini,
1553 3464 1745 3534 inquit,

140 3560 356 3613 nullum
377 3559 733 3631 cognovimus
753 3560 927 3631 magis
949 3561 1202 3616 idoneum
1225 3578 1385 3631 quam
1408 3562 1471 3616 D.
1500 3560 1744 3633 Lugdun.

145 3646 625 3719 archiepiscopum
657 3648 747 3719 qui
777 3651 903 3706 etin
932 3650 1124 3706 eodem
1158 3649 1337 3706 ofﬁcio
1370 3651 1488 3720 jam
1530 3651 1622 3705 diu
1650 3650 1750 3705 mi-

143 3735 414 3801 nistravit,
448 3744 502 3791 et
530 3744 588 3790 ut
615 3738 983 3806 experimento
1016 3738 1371 3811 cognovimus
1401 3747 1507 3794 tam
1553 3739 1751 3794 Roma-

143 3849 235 3888 ne
267 3832 525 3888 Ecclesia:
556 3849 717 3903 quam
738 3835 1101 3906 Transalpinis
1130 3836 1445 3892 mirabiliter
1473 3835 1691 3908 profuit.
1717 3858 1741 3885 ι

145 3921 308 3977 Stetit
329 3921 678 3977 nihilominus
707 3923 759 3977 in
819 3924 1097 3994 proposito
1151 3924 1439 3991 Paschalis,
1498 3925 1745 3994 misitque

145 4018 361 4090 legatos
388 4018 650 4074 Joannem
681 4027 734 4073 et
759 4021 1135 4087 Benedictum,
1167 4021 1257 4090 qui
1313 4022 1600 4077 concilium
1657 4022 1745 4075 in-

143 4107 335 4161 dixere
363 4107 734 4178 Augustoduni
764 4117 818 4163 et
846 4110 1084 4165 habuere
1115 4111 1375 4166 Valentia:
1404 4127 1545 4167 anno
1584 4112 1742 4179 1100,

141 4212 188 4249 ιι
221 4195 340 4250 Kal.
367 4193 588 4250 Octobr.
620 4197 700 4250 Ad
730 4196 860 4251 illud
883 4197 1175 4253 invitarunt
1202 4200 1508 4271 Hugonem,
1541 4199 1631 4269 qui
1659 4206 1744 4254 ta-

139 4308 273 4347 men
301 4307 411 4348 non
437 4293 677 4359 accessit,
711 4294 837 4363 quia
868 4294 1260 4361 inﬁrmabatur,
1294 4296 1464 4366 inquit
1492 4295 1741 4352 Chronic-

140 4380 393 4445 Virdun.,
426 4380 520 4435 sed
551 4381 694 4436 misit
722 4382 932 4454 legatos
979 4400 1123 4451 suos,
1181 4386 1313 4455 quin
1370 4402 1469 4440 nec
1523 4386 1744 4439 adfuere

138 4476 265 4548 ejus
293 4476 617 4551 suﬂ'raganei
651 4479 1008 4551 Lingonensis
1028 4490 1079 4536 et
1104 4482 1495 4538 Cabillonensis
1541 4482 1745 4553 episco-

1780 3243 1830 3307 C

1848 2004 1976 2059 liam
2007 2021 2038 2059 a
2068 2004 2309 2059 Paschali
2342 2004 2552 2070 missus,
2585 2011 2907 2061 conventum
2938 2003 3124 2059 habuit
3151 2003 3295 2076 apud
3314 2005 3451 2063 Maa-

1849 2102 2024 2155 siliam
2085 2101 2137 2154 in
2197 2117 2303 2171 quo
2344 2101 2471 2170 jura
2526 2110 2578 2156 et
2632 2100 2944 2157 immunitas
3016 2102 3447 2157 Cluniacensium

1851 2189 2163 2245 confirmata
2180 2197 2321 2244 sunt.
2360 2193 2490 2244 Acta
2526 2196 2649 2244 sunt
2675 2192 2791 2246 haec
2827 2190 2970 2261 apud
3017 2190 3279 2246 Massilias
3305 2205 3449 2247 anno

1854 2282 2010 2343 1103,
2028 2286 2289 2349 praesente
2321 2278 2554 2333 Berardo
2574 2278 2950 2334 Matisconensi
2982 2279 3260 2351 episcopo,
3299 2302 3321 2327 σι
3355 2278 3448 2350 qui

1853 2385 1980 2431 tunc
2008 2392 2132 2430 cum
2163 2376 2475 2446 episcopatu
2503 2390 2599 2430 suo
2641 2375 3017 2447 Lugdunensis
3065 2374 3454 2447 archiepiscopi

1850 2464 2034 2519 domni
2065 2465 2309 2535 llugonis
2339 2464 2483 2518 vices
2510 2464 2729 2535 agebat.
2764 2486 2787 2513 η
2824 2465 2976 2519 Circa
3032 2464 3176 2519 idem
3236 2472 3452 2534 tempus

1854 2554 2001 2625 Bcgo
2032 2553 2203 2608 abbas
2230 2553 2540 2608 Conchense
2570 2552 2713 2625 apud
2743 2553 3018 2607 Ruthenos
3064 2552 3451 2608 monasterium

1853 2650 2099 2721 regebat,
2131 2649 2217 2704 cui
2246 2649 2403 2720 Hugo
2435 2656 2617 2704 noster
2644 2647 2898 2703 ecclesias
2927 2648 2984 2703 S.
3045 2647 3194 2703 Fidei
3243 2648 3311 2702 de
3348 2648 3450 2703 Ca-

1852 2739 2081 2803 stelleto,
2114 2746 2165 2792 et
2194 2738 2252 2793 S.
2314 2737 2539 2792 Victoris
2593 2736 2663 2791 ad
2713 2736 2937 2791 ﬂuvium
2992 2735 3198 2808 Ligeris
3250 2735 3454 2806 positas

1852 2827 1953 2883 sub
1982 2842 2160 2882 annuo
2189 2842 2351 2882 censu
2379 2825 2659 2881 concessit.
2678 2826 2930 2881 Chartam
2961 2825 3180 2879 exhibet
3197 2824 3264 2880 de
3280 2826 3451 2893 Mum,

1855 2940 1982 2995 pag.
2016 2926 2140 2978 298.
2173 2922 2558 2977 Guntrammus
2575 2937 2671 2976 rex
2688 2920 2911 2976 dederat
2928 2920 3176 2977 ownohio
3198 2920 3256 2975 S.
3314 2922 3454 2975 Mar-

1862 3013 1982 3067 celli
2012 3011 2386 3066 Cabilonensis
2413 3010 2717 3065 Floriacum
2744 3010 2929 3065 villam
2970 3010 3024 3064 in
3073 3024 3218 3082 pago
3271 3008 3458 3066 Divio—

1855 3100 2027 3168 nensi,
2061 3098 2151 3153 ubi
2183 3107 2368 3170 postea
2396 3098 2533 3153 cella
2562 3100 2948 3154 monachorum
2980 3105 3159 3152 erecta
3212 3104 3292 3152 est
3321 3110 3335 3166 ;
3392 3096 3456 3151 il-

1859 3199 1961 3253 lius
1988 3212 2173 3253 servos
2199 3204 2386 3252 contra
2408 3195 2501 3265 jus
2528 3194 2653 3253 Otto
2684 3194 3008 3268 Burgundiaa
3053 3194 3162 3250 dux
3227 3209 3452 3266 usurpa-

1858 3295 1959 3355 rat,
1990 3294 2042 3341 et
2069 3286 2334 3341 retinebat
2374 3286 2532 3357 Hugo
2589 3283 2758 3355 ipsius
2811 3282 2972 3350 ﬁlius,
3031 3283 3205 3339 donec
3260 3283 3455 3355 prioris

1858 3386 1915 3439 S.
1947 3382 2182 3438 Marcelli
2211 3381 2445 3453 dignitas
2472 3380 2688 3435 devenit
2722 3403 2744 3429 α
2778 3379 2846 3435 ad
2874 3380 3134 3435 domuum
3164 3381 3453 3452 Hugonem

1857 3471 2221 3528 venerandum
2252 3471 2663 3543 Lugdunensem
2694 3468 3178 3540 archiepiscopum,
3208 3468 3456 3541 Hugonis

1857 3570 2129 3633 nepotem.
2168 3583 2189 3608 »
2225 3558 2329 3628 Qui
2359 3558 2648 3629 aliquando
2679 3558 2734 3613 in
2762 3573 2829 3612 ea
2855 3557 2986 3613 villa
3030 3558 3225 3613 ducem
3280 3556 3457 3629 hospi-

1859 3660 1931 3714 tio
1960 3658 2191 3729 excepit,
2225 3664 2279 3711 et
2305 3655 2520 3729 rogavit
2544 3662 2602 3709 ut
2630 3671 2753 3710 eam
2780 3670 2815 3709 a
2841 3654 2933 3709 tali
2961 3654 3215 3711 servitute
3254 3653 3454 3710 libera-

1856 3757 1954 3803 ret.
1988 3746 2262 3803 Concessit
2290 3746 2447 3816 Hugo
2478 3744 2608 3810 dux,
2640 3752 2695 3798 et
2720 3759 2786 3798 ea
2813 3741 2881 3797 de
2910 3758 2968 3796 re
2996 3745 3236 3798 chartam
3265 3749 3453 3814 postea

1854 3836 2169 3907 conscripsit
2203 3857 2224 3883 ‹‹
2259 3834 2312 3889 in
2341 3849 2556 3889 camera
2584 3830 2926 3888 Divionensis
2972 3831 3184 3886 abbatis
3232 3830 3453 3887 nomine

1852 3925 2173 3990 Jarcntonis,
2206 3930 2259 3977 et
2286 3922 2466 3993 posuit
2493 3922 2548 3975 in
2577 3937 2742 3976 manu
2771 3919 3095 3976 venerabilis
3113 3919 3452 3992 Hugonisar-

1853 4022 2179 4094 chiepiscopi
2208 4019 2579 4092 Lugdunensis
2608 4034 2769 4090 supra
2798 4016 3126 4074 nominati...
3183 4032 3325 4073 anno
3379 4015 3450 4072 ab

1852 4112 2227 4168 Incarnatione
2286 4109 2504 4164 Domini
2561 4110 2717 4176 1104,
2774 4107 2956 4162 indict.
3017 4122 3121 4160 xu.
3155 4127 3177 4155 ι»
3243 4104 3447 4161 Eodem

1853 4226 1994 4265 anno
2014 4208 2224 4280 scripsit
2250 4207 2564 4262 Daimberto
2612 4204 2911 4261 Senonensi
2967 4202 3036 4260 de
3090 4204 3272 4259 multis
3321 4218 3448 4259 eum

1852 4314 2103 4371 arguens,
2134 4305 2187 4351 et
2216 4297 2385 4351 citans
2412 4294 2481 4349 ad
2510 4294 2799 4349 concilium
2848 4294 3133 4349 Trecense.
3173 4295 3328 4348 Anno
3364 4308 3449 4348 se-

1852 4388 2033 4459 quenti
2064 4387 2207 4441 idem
2274 4383 2730 4454 archiepiscopus,
2788 4383 3113 4455 Norgaudus
3165 4382 3449 4439 Eduensis

1851 4493 1905 4539 et
1932 4483 2224 4541 Walterius
2253 4480 2643 4538 Cabillonensis
2672 4479 2932 4551 episcopi,
2972 4479 3174 4536 domno
3228 4478 3445 4553 Hugoni

139 4567 221 4639 pi,
259 4589 282 4615 ‹‹
318 4567 571 4639 prohibiti
603 4575 659 4621 ut
689 4568 966 4624 dicebatur
994 4570 1063 4626 ab
1094 4572 1286 4626 eodem
1316 4571 1678 4643 Lugdunensi,
1715 4594 1736 4619 υ
1768 4600 1822 4660 D
1853 4574 2195 4630 Cluniacens.
2225 4571 2408 4627 abbati
2436 4567 2819 4625 monasterium
2865 4568 2923 4626 S.
2984 4568 3319 4642 Magdalenaa
3373 4567 3444 4623 de

139 4662 317 4733 inquit
345 4664 488 4719 idem
515 4666 702 4719 chron.
736 4666 851 4719 Imo
881 4674 931 4721 et
952 4667 1094 4735 quod
1114 4668 1371 4723 adversus
1388 4668 1740 4740 Norgaudum

139 4752 467 4807 Eduensem
496 4753 810 4824 episcopum
842 4753 897 4807 in
928 4756 1029 4810 hoc
1057 4763 1111 4809 et
1140 4765 1326 4827 postea
1344 4757 1399 4811 in
1420 4758 1738 4812 Pictaviensi

141 4841 375 4896 concilio
406 4850 696 4897 sanxerant
723 4842 888 4914 legati
916 4844 1097 4913 palam
1156 4845 1502 4916 improbavit,
1561 4854 1613 4901 et
1667 4847 1739 4901 ita

144 4940 361 4995 tandem
392 4941 505 5013 egit
533 4949 590 4996 ut
619 4940 1001 5014 infringeretur
1032 4958 1046 5011 ;
1078 4943 1300 4999 scillicet
1327 4945 1520 5017 ingens
1547 4954 1600 5000 et
1635 4963 1737 5001 ex-

138 5039 315 5094 celsus
341 5038 551 5094 animus
578 5047 758 5094 suetus
794 5039 1039 5110 imperio,
1091 5040 1314 5096 inferius
1364 5058 1506 5097 nunc
1559 5044 1739 5115 gravi-

140 5134 250 5183 tate
269 5134 323 5182 et
349 5126 609 5199 dignitate
638 5145 733 5182 sua
775 5128 1136 5184 arbitrabatur
1190 5129 1382 5199 subjici
1441 5139 1494 5185 et
1550 5148 1735 5202 parere

140 5215 462 5285 minoribus,
494 5223 653 5286 atque
684 5225 740 5271 ut
768 5217 980 5271 videtur
1007 5235 1071 5273 ea
1097 5220 1280 5274 omnia
1328 5220 1530 5275 vitandi
1576 5236 1739 5276 causa

137 5314 684 5386 Hierosolymitanum
716 5316 817 5371 iter
843 5316 1025 5372 animo
1063 5318 1328 5389 concepit,
1379 5318 1587 5390 legatos
1632 5319 1739 5375 Ro-

213 5466 292 5535 (3)
339 5468 575 5542 Tempus
611 5467 869 5542 hujusce
908 5469 1356 5542 peregrinationis
1410 5471 1613 5525 crnitur
1670 5486 1735 5525 ex

139 5538 324 5592 charta
350 5537 654 5593 donationis
682 5537 926 5594 ecclesiae
954 5541 1017 5595 Β.
1041 5537 1239 5595 ’Μδτὶω
1286 5540 1354 5596 de
1386 5542 1522 5596 Foro
1584 5542 1738 5597 facta:

140 5609 901 5683 monasterio_Savigniacensi
932 5610 1231 5683 (DaiMmu
1260 5626 1390 5683 pag.
1416 5614 1539 5674 392)
1567 5631 1578 5666 :
1611 5635 1632 5660 σε
1659 5612 1737 5666 Eo

140 5695 283 5753 anno
313 5695 420 5751 quo
450 5680 980 5753 Hugo_archiepisc.
1042 5682 1285 5753 Lugdun.
1340 5680 1737 5753 Ilerosolymam

142 5749 373 5821 petiiti.
419 5789 433 5802 .
478 5749 557 5821 ._.
598 5749 721 5821 fecit
750 5749 1078 5806 conventura
1123 5749 1367 5808 Ecclesiae
1414 5749 1571 5809 θυῖε(
1602 5794 1615 5806 .
1661 5793 1674 5805 .
1720 5794 1733 5806 .

144 5819 461 5877 tractaturus
488 5819 555 5873 de
585 5820 808 5875 utilitate
838 5821 1090 5877 Ecclesiae
1118 5839 1248 5888 suae,
1281 5831 1334 5878 et
1388 5824 1455 5879 de
1512 5839 1609 5879 suo
1657 5823 1740 5877 iti-

144 5907 292 5961 nere,
326 5898 382 5948 et
408 5892 515 5946 hoc
539 5904 602 5946 ιιι
632 5891 757 5946 ldus
784 5891 979 5959 Martii,
1010 5892 1100 5948 die
1154 5902 1357 5964 quarta
1413 5894 1563 5952 ferite
1608 5894 1740 5949 heb-

1850 4671 2139 4742 Quadrella
2167 4672 2242 4739 (le
2279 4669 2614 4738 Charolais),
2651 4666 3037 4723 conﬁrmarunt
3086 4664 3440 4736 ejusdemque

1847 4761 1975 4833 pagi
2006 4759 2257 4815 ecclesias
2284 4758 2352 4813 de
2381 4756 2576 4827 quibus
2603 4755 2751 4811 litem
2781 4754 3074 4810 movebant
3120 4752 3443 4810 Leotbaldus

1847 4848 2189 4922 Digoniensis
2219 4854 2271 4903 et
2296 4846 2437 4901 ﬁlius
2464 4844 2582 4914 ejus
2626 4842 2989 4917 cognominis.
3048 4842 3293 4913 Denique
3346 4857 3437 4897 an.

1849 4950 1985 5001 1106
2014 4962 2137 5001 cum
2180 4950 2521 5015 quererentur
2552 4941 2872 4996 cathedralis
2899 4940 3139 4996 ecclesiae
3193 4938 3437 4995 canonici

1845 5034 1988 5105 quod
2017 5034 2299 5089 ecclesiam
2330 5035 2628 5097 Artensem,
2661 5046 2783 5100 qua:
2811 5030 2882 5085 ad
2910 5030 2968 5083 Β.
3001 5030 3335 5101 Stephanum
3367 5028 3437 5083 ab

1845 5135 2077 5204 antiquis
2104 5133 2436 5205 temporibus
2465 5129 2784 5203 pertinebat,
2833 5130 3050 5203 Hugoni
3098 5128 3434 5186 Cluniacensi

1844 5224 2113 5290 donasset,
2144 5239 2263 5277 eam
2286 5221 2530 5289 restituit,
2589 5228 2644 5274 et
2698 5234 2795 5292 pro
2852 5236 2918 5274 ea
2974 5219 3229 5275 Cluniaco
3284 5217 3436 5273 dedit

1844 5312 2007 5367 aliam
2036 5312 2105 5367 de
2148 5310 2205 5365 S.
2255 5311 2527 5366 Germano
2574 5316 2957 5379 nuncupatam.
3008 5310 3143 5364 Cum
3199 5306 3266 5362 lis
3316 5314 3436 5363 orta

1843 5470 2078 5526 domada
2106 5467 2564 5542 Quadragesirnm.
2598 5470 2658 5523 In
2688 5484 2795 5540 quo
2837 5475 3106 5542 conventu
3162 5466 3288 5523 fecit
3331 5469 3437 5524 hoc

1844 5543 2047 5596 donum
2078 5539 2412 5595 ecclesiae'de
2460 5540 2598 5594 Foro
2655 5539 2937 5595 c0nventui
2993 5546 3195 5603 nostro,
3230 5560 3252 5586 η
3315 5548 3425 5595 etc.

1847 5613 1905 5668 Si
1934 5612 2076 5666 enim
2109 5626 2191 5663 ιιι.
2225 5611 2349 5665 ldus
2374 5625 2468 5663 seu
2501 5612 2564 5664 13
2594 5610 2788 5675 Martii,
2821 5618 2935 5665 erat
2964 5610 3098 5665 feria
3143 5626 3201 5664 IV
3237 5610 3437 5665 hebdo-

1846 5684 2022 5762 made:
2051 5682 2243 5762 prima:
2270 5682 2325 5762 in
2363 5680 2809 5762 Quadragesima,
2865 5681 2981 5762 dies
3033 5681 3307 5762 Cinctum.
3338 5680 3441 5762 fuit

1847 5754 1963 5809 dies
1989 5760 2141 5806 sexta
2169 5751 2412 5821 ejusdem
2444 5750 2644 5806 mensis
2672 5766 2686 5802 :
2718 5758 2878 5819 atque
2905 5750 3042 5806 adeo
3074 5752 3279 5821 Pascha
3295 5750 3436 5807 inci-

1848 5826 1930 5880 dit
1955 5824 2010 5878 in
2038 5823 2183 5878 diem
2204 5820 2277 5878 ⁷21
2303 5821 2517 5894 Aprilis,
2548 5821 2692 5893 quod
2721 5837 2864 5878 anno
2895 5824 3025 5878 1101
3058 5820 3328 5878 convenit.
