3882 6414
204 393 307 446 509

1373 376 1737 433 EPISTOLE
1775 378 1864 435 ET
1901 379 2321 438 PRIVILEGIA.

3395 391 3499 446 510

199 513 470 572 Ecclesiae
497 513 758 569 Romanae
787 509 1020 582 legatus,
1058 509 1316 565 Bonuwo
1355 505 1658 562 Turonensi
1701 520 1792 560 ar-
1821 508 1877 569 A
1908 515 2068 562 tatem
2098 514 2301 565 nostra:
2341 508 2636 581 legationis
2681 515 3176 574 commendabilem
3214 515 3487 572 efﬁciens.

203 605 574 674 chicpiscopo,
609 601 860 655 salutem.

275 693 493 748 Gratias
525 691 696 745 habeo
729 690 1040 743 innumeras
1087 687 1210 759 quia
1278 702 1494 756 semper
1540 683 1802 740 obediens

206 781 743 837 exstitistietsanctze
776 777 1040 833 Ecclesiae
1070 776 1121 829 in
1153 777 1481 830 necessitate
1513 774 1803 828 subvenire

207 887 308 942 pro
339 885 500 940 posse
533 876 586 923 et
615 868 751 922 scire
784 875 882 921 tuo
901 882 1009 920 non
1039 864 1304 936 refugisti.
1343 865 1418 918 Te
1449 863 1612 935 igitur
1644 863 1802 917 valde

209 959 366 1014 nobis
395 956 766 1012 necessarium
801 972 900 1026 pro
932 964 1023 1008 tua
1057 954 1228 1024 ipsius
1275 953 1431 1008 etiam
1477 953 1802 1007 necessitate

209 1047 512 1119 apostolica
590 1046 911 1101 auctoritate
990 1059 1269 1111 vocamus,
1318 1049 1370 1096 et
1422 1058 1521 1112 per
1574 1049 1624 1096 te
1682 1048 1804 1094 tuos

209 1135 590 1207 suﬂ'raganeos
620 1134 927 1205 episcopos,
959 1140 1080 1186 tuos
1108 1131 1269 1186 etiam
1294 1129 1538 1184 utiliores
1566 1128 1802 1184 clericos

209 1232 257 1280 et
281 1226 525 1289 abbates,
562 1224 630 1278 ad
689 1222 958 1293 synodum
1017 1222 1072 1275 in
1127 1218 1608 1291 Augustodunensi
1665 1217 1802 1273 civi-

206 1321 317 1369 tate
349 1329 406 1366 iv
439 1313 564 1367 Idus
596 1311 938 1383 Septembris
969 1309 1356 1366 celebrandam
1386 1308 1573 1363 venire
1603 1307 1802 1378 praeci-

207 1418 388 1473 pimus
403 1443 415 1455 .

970 1524 1036 1580 ν.

210 1625 438 1681 Litterae
490 1623 738 1692 [lagonis
810 1621 1218 1695 archiepiscopi
1270 1619 1662 1695 Lugdunensis
1737 1619 1802 1675 de

283 1695 530 1752 Ecclesia
578 1691 800 1750 Sanctte
842 1691 1096 1749 Fidis'de
1130 1691 1448 1760 Castelleto,
1490 1691 1628 1746 data
1677 1705 1800 1746 mo-

281 1767 537 1822 nasterio
571 1766 882 1821 Conchensi
895 1806 907 1819 .

912 1871 1092 1942 (Ibid)

279 1972 338 2025 In
371 1969 590 2025 nomine
621 1975 825 2024 sancta:
856 1975 909 2022 et
939 1967 1233 2021 individua:
1253 1965 1551 2020 Trinitatis.
1601 1964 1804 2018 Notum

210 2059 277 2113 sit
306 2059 560 2112 omnibus
590 2066 796 2112 sanctae
829 2056 927 2110 Dei
960 2056 1222 2110 Ecclesia:
1271 2054 1396 2108 filiis
1446 2053 1805 2125 praisentibus

219 2155 272 2202 et
302 2146 496 2202 futuris
528 2147 674 2218 quod
705 2161 810 2218 ego
844 2146 1001 2199 HUGo
1035 2145 1132 2199 Dei
1187 2144 1360 2216 gratia
1418 2142 1804 2213 Lugdunensis

208 2236 657 2306 archiepiscopus
686 2235 830 2289 dono
862 2236 977 2288 Deo
1009 2243 1059 2288 et
1092 2241 1293 2289 sanctm
1322 2233 1438 2286 Fidi
1470 2232 1538 2286 de
1569 2231 1804 2286 Conchis

209 2333 262 2382 et
292 2325 508 2397 Begoni
540 2325 721 2379 abbati
753 2331 806 2379 et
836 2323 1246 2379 successoribus
1275 2324 1392 2390 ejus
1441 2329 1493 2375 et
1538 2320 1804 2376 fratribus

207 2414 531 2470 monasterii
559 2414 731 2484 ipsius
761 2413 1044 2468 ecclesiam
1078 2413 1294 2467 Sancta)
1325 2411 1469 2466 Fidis
1500 2412 1568 2465 de
1598 2409 1806 2464 Castel-

207 2501 318 2559 leto
349 2511 401 2558 et
449 2502 740 2559 ecclesiam
791 2502 970 2557 Sancti
1019 2501 1256 2556 Victoris
1299 2517 1422 2556 cum
1478 2499 1804 2569 appenditiis

208 2592 346 2658 suis,
378 2608 539 2664 quam
570 2591 844 2662 praefatam
878 2590 1165 2645 ecclesiam
1195 2589 1384 2643 dividit
1406 2588 1566 2661 Liger
1589 2587 1802 2653 fluvius,

207 2681 308 2735 sub
337 2681 559 2735 annuali
589 2696 758 2736 censu
785 2687 909 2735 octo
943 2679 1263 2744 solidorum,
1313 2693 1544 2749 quorum
1591 2676 1805 2731 medie-

212 2779 297 2825 tas
327 2770 576 2825 solvetur
605 2769 656 2822 in
691 2768 981 2824 festivitate
1020 2767 1194 2822 sancti
1251 2766 1482 2833 Martini,
1543 2765 1805 2820 medietas

205 2874 341 2914 vero
373 2861 426 2912 in
460 2856 838 2914 Purificatione
870 2865 1070 2912 sanctae
1099 2856 1318 2922 Marite;
1354 2855 1577 2910 retentis
1594 2855 1805 2925 synodo

211 2960 263 3004 et
292 2949 503 3018 paratis
554 2951 859 3003 secundum
897 2962 1104 3002 morem
1141 2945 1376 3000 aliarum
1421 2944 1802 3012 ecclesiarum,

211 3046 266 3093 et
294 3037 607 3092 obedientia
637 3035 938 3090 exhibenda
965 3043 1073 3088 tam
1103 3034 1260 3089 nobis
1291 3042 1343 3088 et
1391 3032 1806 3088 successoribus

213 3127 416 3182 nostris
445 3142 607 3197 quam
639 3133 693 3179 et
721 3124 1222 3195 ai'cbipresbyteris
1253 3123 1474 3178 nostris.
1505 3123 1670 3177 Facta
1723 3128 1806 3175 est

213 3216 435 3271 donatio
464 3216 582 3270 haec
623 3214 880 3286 Lugduni
933 3214 984 3268 in
1043 3213 1206 3268 domo
1262 3221 1446 3267 nostra
1506 3209 1803 3282 episcOpali

211 3304 441 3361 consilio
480 3303 875 3360 canonicorum
931 3311 1260 3366 nostrorum,
1317 3300 1527 3355 Bladini
1587 3299 1798 3365 decani,

208 3393 390 3449 Arbeti
437 3392 827 3458 archidiaconi,
872 3391 1060 3446 Varini
1109 3389 1354 3461 capelani
1403 3389 1605 3445 nostri.
1645 3390 1714 3442 Et
1747 3394 1804 3442 ut

203 3483 326 3539 haec
353 3482 575 3538 donatio
607 3482 759 3536 firma
789 3489 1126 3551 permaneat,
1159 3481 1342 3552 sigillo
1387 3479 1611 3551 proprio
1666 3479 1802 3533 sub-

204 3579 288 3628 ter
315 3571 679 3644 signavimus,
711 3578 766 3625 et
795 3570 1023 3624 testibus
1065 3569 1534 3626 corroborandam
1582 3567 1804 3622 tradidi-

206 3677 355 3716 mus.
394 3661 451 3716 S.
483 3659 715 3716 Bladini.
750 3659 807 3714 S.
854 3659 1098 3714 Arberti.
1158 3659 1221 3714 S.
1283 3657 1466 3712 Verini
1523 3657 1694 3712 Calvi.
1744 3655 1802 3711 S.

209 3748 396 3805 Verini
427 3748 709 3818 Capellani
739 3748 936 3804 nostri.
975 3747 1036 3803 S.
1071 3748 1332 3817 Rostagni
1359 3747 1559 3801 Ferlot.
1594 3745 1648 3800 S.
1685 3744 1806 3800 Ful-

211 3838 399 3894 cherii.
421 3839 478 3894 S.
497 3837 734 3893 Veraldi.
757 3837 813 3892 S.
838 3837 1047 3892 Poncii.
1070 3837 1192 3909 Ego
1215 3837 1374 3909 Hugo
1394 3835 1462 3890 ad
1484 3835 1658 3892 vicem
1681 3849 1806 3890 can-

209 3927 420 3984 cellarii
441 3925 641 3998 scripsi
669 3933 723 3982 et
751 3925 1080 3997 subscripsi.

953 4087 1051 4141 VI.

202 4187 298 4243 Ad
341 4186 668 4260 Gregorium
697 4185 792 4241 VII
826 4186 1156 4260 pontiﬁcem
1196 4183 1546 4260 Romanum.
1602 4213 1668 4222 —
1725 4184 1802 4238 De

588 4256 1088 4330 Augustodunensi
1134 4256 1401 4313 concilio.

793 4348 975 4414 (Anno
1010 4346 1204 4417 1077.)

611 4445 833 4518 [MANSI,
873 4448 1123 4510 Concit.,
1157 4453 1202 4500 t.
1241 4444 1395 4516 XX]

297 4558 419 4614 Vide
452 4560 515 4614 in
552 4559 812 4629 Gregorio
861 4559 966 4626 VII,
1021 4560 1301 4630 PatrOIOg.
1336 4565 1372 4611 t.
1409 4555 1693 4612 CXLVIII.

942 4715 1058 4768 VII.

351 4803 432 4859 Ad
466 4803 746 4859 eumdem.
783 4833 852 4844 —
887 4805 960 4859 De
999 4803 1238 4861 concilio
1280 4802 1651 4857 Pictaviemi.

799 4901 981 4968 (Anno
1023 4900 1198 4968 1078.)

611 4997 828 5070 [MANSL
866 4997 1112 5062 Concil.,
1148 5001 1194 5050 t.
1235 4995 1396 5067 XX.]

271 5093 506 5150 Domino
542 5109 608 5149 ac
638 5093 848 5148 meritis
878 5094 1033 5149 beato
1073 5111 1229 5164 papa:
1277 5095 1591 5158 GREGOPIO,
1638 5094 1799 5148 Ηυσο

199 5184 423 5239 humilis
441 5183 734 5254 presbyter
761 5183 1063 5243 Diensium.
1081 5184 1131 5236 in
1153 5184 1381 5237 Domino
1406 5184 1518 5238 Deo
1542 5185 1796 5237 salutem.

269 5274 326 5327 In
357 5271 616 5338 concilio,
651 5272 792 5343 quod
828 5272 1066 5325 Pictavis
1096 5287 1192 5341 per
1239 5273 1479 5343 gratiam
1525 5273 1624 5327 Dei
1675 5285 1797 5326 cum

197 5362 381 5433 aliquo
411 5361 588 5417 fructu
637 5361 1059 5424 celebravimus,
1119 5361 1290 5414 multa
1346 5362 1504 5415 nobis
1557 5361 1802 5431 pericula

196 5452 348 5522 prius
377 5450 431 5504 in
462 5451 673 5515 itinere,
708 5449 872 5503 multa
899 5449 1058 5504 nobis
1079 5451 1308 5504 adversa
1348 5450 1400 5503 in
1432 5450 1549 5520 ipsa
1579 5449 1802 5504 civitate

197 5549 309 5594 tum
341 5541 394 5593 in
423 5539 676 5602 concilio,
713 5547 821 5591 tum
855 5547 1002 5593 extra
1033 5538 1312 5594 exstitere.
1338 5540 1487 5594 Ecce
1511 5539 1654 5593 enim
1704 5555 1798 5593 rex

196 5630 534 5684 Francorum
564 5627 876 5682 contrarius
909 5628 1010 5681 sibi
1042 5627 1166 5698 ipsi.
1199 5632 1326 5697 quia
1357 5628 1668 5683 contrarius
1690 5638 1799 5682 erat

195 5717 333 5787 Regi
364 5716 508 5782 caeli,
545 5715 688 5770 misit
721 5716 936 5770 litteras
987 5717 1220 5786 primum
1279 5717 1430 5783 mihi,
1491 5718 1548 5771 in
1603 5717 1803 5788 quibus

197 5806 562 5864 confitebatur
591 5805 1138 5871 Domino,desiderio
1161 5806 1490 5861 desiderans
1523 5822 1583 5861 se
1619 5806 1802 5862 vocari

197 5895 366 5953 ﬁlium
397 5911 597 5963 meum,
630 5902 684 5950 et
712 5911 837 5950 cum
862 5895 1017 5951 omni
1044 5895 1226 5969 gloria
1257 5905 1312 5952 et
1333 5898 1541 5953 honore
1562 5895 1801 5953 auctori-

1823 4604 1880 4665 D

1909 597 2120 652 Deinde
2151 599 2352 663 comiti,
2388 609 2498 654 tum
2528 602 2692 656 etiam
2723 606 3000 676 episcopis
3032 607 3116 660 sui
3129 605 3268 674 juris
3285 606 3501 659 litteras

1909 685 2070 752 misit,
2104 688 2363 757 adjurans
2391 705 2485 743 eos
2516 693 2664 745 omni
2695 696 3060 763 attestatione,
3114 702 3167 750 et
3218 710 3331 749 suae
3379 709 3501 748 ma-

1903 775 2121 845 jestalis
2153 792 2216 831 ac
2246 775 2517 832 lidelitatis
2550 795 2671 834 reos
2719 797 2845 836 esse
2895 783 3212 837 instituens.
3278 781 3501 838 Scilicet

1911 875 2183 940 comitem,
2214 875 2258 928 si
2290 883 2567 944 pateretur
2599 894 2699 933 nos
2735 879 2952 949 uspiam
2973 880 3065 934 ubi
3095 887 3305 950 posset,
3357 895 3497 934 con-

1910 963 2180 1018 venticula
2209 971 2262 1017 et
2291 965 2446 1034 quasi
2478 966 2728 1032 concilia,
2759 969 2840 1023 sic
2868 983 2934 1022 ea
2957 983 3176 1033 vocans,
3194 969 3493 1024 celebrare.

1910 1051 2213 1122 Episcopos
2247 1069 2378 1107 vero
2409 1053 2454 1106 si
2501 1053 2825 1112 interessent
2867 1057 2954 1112 vel
2998 1058 3200 1112 nostris
3243 1057 3496 1113 faverent

1912 1141 2166 1206 decretis,
2199 1140 2253 1195 in
2293 1141 2488 1212 quibus
2540 1143 2847 1199 nitebamur
2888 1145 3236 1216 splendorem
3284 1161 3506 1202 coronas

1913 1233 2027 1299 ejus
2057 1229 2363 1296 obfuscare,
2393 1239 2445 1285 et
2466 1231 2769 1303 principum
2801 1235 2955 1304 regni
2981 1236 3117 1304 ejus.
3136 1235 3225 1290 Ex
3245 1237 3347 1290 hac
3367 1250 3506 1307 ergo

1912 1328 2243 1382 adversitate
2274 1327 2478 1383 inimici
2519 1330 2762 1384 veritatis
2810 1332 3104 1387 audaciam
3151 1332 3298 1388 nacti
3342 1332 3506 1388 nobis

1912 1416 2228 1482 insultandi,
2261 1432 2356 1472 eos
2385 1433 2526 1486 pene
2555 1425 2841 1474 traxerunt
2889 1420 2942 1474 in
3004 1420 3303 1487 sinistram,
3363 1437 3503 1492 quos

1911 1505 2329 1562 considerabam
2358 1506 2424 1560 ad
2449 1507 2748 1575 dexteram,
2769 1517 2821 1564 et
2843 1509 3114 1574 videbam,
3148 1518 3201 1565 et
3229 1525 3341 1566 non
3386 1517 3506 1565 erat

1911 1603 2000 1676 qui
2031 1611 2394 1676 cognosceret
2421 1621 2534 1659 me.
2575 1605 2718 1661 Ecce
2748 1606 2893 1661 enim
2940 1607 3112 1677 pestis
3163 1615 3218 1662 et
3262 1607 3507 1664 dedecus

1911 1693 2372 1748 sanctis-ecclesiae
2387 1694 2836 1765 archiepiscopus
2867 1696 3221 1760 Turonensis,
3268 1702 3324 1750 et
3373 1711 3502 1750 cum

1913 1798 1976 1838 eo
2008 1781 2297 1852 episcOpus
2327 1783 2688 1847 Redonensis,
2724 1784 3116 1854 superbissime
3147 1784 3392 1853 perversi
3424 1793 3508 1840 to-

1831 1885 1884 1944 B
1914 1876 2024 1925 tum
2055 1886 2194 1940 pene
2224 1873 2952 1941 occupaveruntconcilium.
2989 1873 3332 1929 Redouensis
3353 1889 3508 1928 nam-

1913 1984 2017 2040 que
2045 1969 2433 2039 comprobatus
2469 1977 2551 2024 est
2581 1987 2728 2036 reus,
2751 1971 2891 2042 quia,
2915 1987 3025 2026 non
3043 1970 3194 2041 prius
3222 1970 3508 2027 ordinatus

1912 2057 1965 2111 in
1996 2059 2275 2125 clericum,
2308 2059 2592 2113 ordinatus
2624 2067 2705 2113 est
2733 2060 2785 2112 in
2837 2061 3174 2130 episcopum,
3235 2059 3506 2130 promissa

1913 2147 2059 2217 prius
2089 2163 2154 2202 ac
2185 2147 2528 2217 postmodum
2560 2148 2682 2201 data
2712 2148 2864 2218 pallii
2912 2164 3090 2219 cappa
3133 2150 3200 2203 ab
3249 2149 3508 2220 episcopo

1913 2245 2316 2315 Andegavensi,
2353 2246 2670 2300 Redonensi
2701 2254 2879 2299 tamen
2912 2246 3042 2300 illud
3072 2246 3355 2302 nesciente
3376 2245 3504 2310 ;sed

1912 2333 2058 2387 aliud
2104 2342 2230 2388 ante
2290 2335 2701 2389 ordinationem
2757 2334 3071 2400 conﬁtente,
3125 2335 3336 2390 scilicet
3380 2351 3503 2391 cum

1913 2438 2083 2491 eques
2113 2431 2259 2477 esset
2289 2424 2524 2494 equitem
2561 2423 2841 2478 inimicum
2872 2423 2939 2477 ab
2994 2439 3135 2496 equo
3181 2424 3396 2492 dejecit,
3453 2431 3508 2480 et

1915 2521 2074 2587 hujus
2105 2521 2446 2576 Redonensis
2477 2522 2662 2576 socius
2693 2537 2864 2592 eques
2894 2522 3166 2589 dejectum
3193 2522 3342 2576 illum
3374 2521 3501 2576 vul-

1913 2625 2047 2663 nere
2076 2610 2338 2674 confodit,
2377 2610 2469 2682 qui
2498 2626 2598 2681 pro
2625 2627 2686 2664 ea
2717 2610 3022 2680 dejectione
3068 2617 3123 2664 et
3164 2611 3392 2666 vulnere
3450 2610 3505 2664 in

1915 2705 2144 2752 mortem
2174 2699 2442 2752 occubuit.
2503 2700 2618 2753 Nos
2673 2698 2843 2770 igitur
2897 2699 3193 2753 multorum
3250 2697 3506 2770 precibus

1913 2785 2174 2852 inclinati,
2209 2786 2449 2841 nondum
2490 2787 2798 2857 depositum
2854 2787 2956 2841 sed
2993 2787 3206 2842 interim
3265 2801 3500 2858 suspen-

1914 2890 2054 2938 sum,
2090 2875 2216 2946 quia
2245 2891 2362 2930 suae
2389 2876 2536 2930 utilis
2566 2884 2681 2930 erat
2709 2875 2991 2939 Ecclesiae,
3032 2885 3233 2932 vestrae
3281 2875 3504 2931 miseri-

1913 2964 2116 3018 cordiae
2154 2964 2602 3033 praesentandum
2655 2973 2706 3018 et
2745 2965 3102 3032 judicandum
3159 2965 3503 3035 reliquimus.

1913 3063 2246 3116 Turonensis
2276 3079 2407 3117 vero
2438 3062 2824 3132 comprobatus
2853 3070 2935 3116 est
2956 3071 3079 3117 ante
3129 3063 3504 3133 episcopatum

1913 3151 2194 3206 decaniam
2225 3151 2446 3217 emisse,
2481 3166 2648 3221 quam
2681 3167 2745 3205 ex
2777 3150 3177 3206 consuetudine
3223 3150 3344 3221 ejus
3391 3149 3505 3204 Ec-

1833 3243 1883 3305 G
1913 3240 2094 3295 clesiae
2123 3239 2224 3293 nisi
2249 3241 2337 3311 qui
2362 3241 2471 3309 jam
2504 3240 2762 3294 sacerdos
2792 3239 2999 3306 fuisset,
3031 3239 3114 3294 vel
3139 3241 3252 3307 jam
3289 3238 3504 3293 futurus

1911 3331 2169 3384 sacerdos
2199 3339 2362 3394 esset,
2399 3328 2600 3383 habere
2630 3345 2738 3383 non
2770 3336 2974 3399 posset.
3008 3329 3107 3383 Hic
3135 3327 3302 3400 igitur
3325 3326 3504 3382 Turo-

1910 3426 2098 3482 nensis
2129 3426 2281 3481 nullo
2308 3427 2472 3481 modo
2502 3425 2761 3482 canonice
2791 3428 2996 3480 electus
3027 3441 3135 3481 non
3168 3424 3340 3496 potuit
3365 3423 3509 3479 obti-

1911 3530 2041 3570 nere
2072 3531 2104 3571 a
2127 3531 2254 3587 rege
2285 3516 2484 3570 donum
2517 3515 2887 3587 episcopatus,
2934 3530 3110 3586 usque
3153 3513 3282 3567 dum
3330 3527 3506 3583 nepos

1913 3603 2079 3676 hujus
2118 3605 2288 3675 ipsius
2317 3621 2418 3676 per
2446 3621 2698 3660 nummos
2728 3603 3010 3675 praefatam
3041 3603 3326 3658 decaniam
3349 3600 3508 3658 fuerit

1911 3694 2166 3764 adeptus.
2198 3695 2278 3749 De
2309 3694 2540 3750 simonia
2569 3693 2732 3749 etiam
2762 3694 2921 3748 aliter
2949 3699 3236 3749 accusatus
3259 3689 3509 3763 est,'quia

1913 3791 2130 3846 cuidam
2161 3790 2318 3845 militi
2350 3791 2542 3846 silvam
2574 3790 2909 3862 promiserit,
2952 3791 2998 3845 si
3046 3805 3144 3861 pro
3190 3789 3508 3860 episcopatu

1912 3896 2043 3934 eum
2067 3881 2322 3949 juvisset.
2363 3879 2523 3948 Quod
2553 3896 2673 3935 cum
2698 3887 2884 3951 postea
2905 3879 3062 3934 miles
3079 3878 3181 3950 ipsi
3201 3877 3510 3948 improbas-

1910 3978 1992 4025 set
2022 3969 2092 4041 [f.
2131 3968 2599 4040 improperasset],
2627 3967 3054 4040 Andegavensis
3085 3966 3378 4038 episcopus
3407 3965 3510 4019 ad-

1910 4069 2026 4133 fuit,
2061 4067 2152 4140 qui
2183 4068 2342 4124 nobis
2373 4085 2436 4122 ex
2478 4067 2672 4123 eodem
2730 4067 2879 4122 clara
2936 4081 3075 4122 voce
3135 4063 3508 4122 testimonium

1908 4157 2206 4228 perhibuit.
2248 4159 2493 4229 Longum
2527 4165 2629 4223 est,
2653 4157 2832 4222 Pater,
2867 4171 3192 4211 enumerare
3223 4155 3413 4208 turbas
3454 4159 3513 4209 et

1909 4247 2219 4315 conflictus,
2253 4254 2474 4318 quoset
2514 4253 2768 4316 quantos,
2824 4245 3107 4315 quomodo
3163 4251 3218 4300 et
3273 4243 3367 4298 ubi
3422 4243 3511 4300 hic

1907 4344 2248 4398 Turonensis
2277 4345 2434 4398 nohis
2466 4344 2724 4410 intulerit,
2754 4343 3050 4415 aliquando
3079 4357 3176 4413 pro
3197 4339 3509 4397 Redonensi

1907 4448 2184 4504 nunquam
2219 4433 2601 4488 ratiocinando
2635 4433 2730 4488 sed
2777 4448 2995 4502 semper
3039 4431 3354 4503 garriendo,
3402 4429 3509 4485 ali-

1907 4521 2125 4594 quando
2158 4537 2258 4592 pro
2290 4538 2348 4576 se
2377 4521 2785 4587 inclamitando,
2819 4537 2942 4576 cum
2973 4521 3120 4575 omni
3142 4535 3364 4574 suorum
3384 4534 3515 4590 gar-

1911 4621 2124 4675 rulitate
2153 4631 2200 4675 et
2233 4620 2528 4691 impudenti
2562 4620 2793 4675 audacia
2823 4619 3169 4675 clericorum.
3203 4619 3342 4672 Nam
3385 4617 3515 4672 dum

1911 4719 2072 4774 etiam
2105 4719 2574 4789 archiepiscopum
2607 4719 3030 4790 Lugdunensem
3061 4733 3201 4788 pene
3253 4715 3506 4771 inflecte-

1910 4817 2029 4863 rent
2057 4809 2124 4863 ad
2157 4808 2435 4862 tuitionem
2468 4823 2642 4873 suam,
2675 4807 2750 4861 ita
2780 4815 2836 4860 ut
2872 4823 2969 4877 pro
3027 4807 3107 4860 eis
3157 4812 3366 4871 oraret,
3426 4804 3518 4859 vel

1911 4898 2320 4969 obloqueretur,
2375 4896 2583 4952 foribus
2631 4897 2880 4952 ecclesiae
2916 4893 3154 4950 effractis
3213 4892 3516 4950 servientes

1910 5011 2096 5050 eorum
2129 4996 2413 5050 securibus
2435 5003 2645 5048 armata
2675 5010 2839 5048 manu
2864 4994 3218 5060 introeuntes,
3255 4991 3335 5047 ita
3375 5005 3515 5046 con-

1909 5085 2090 5140 cilium
2123 5100 2321 5154 magno
2354 5085 2579 5138 tumultu
2621 5083 3068 5147 exturbaverunt,
3120 5096 3229 5153 quo
3281 5080 3508 5135 fratrem

1910 5173 1969 5227 T.
2003 5175 2058 5228 in
2107 5182 2335 5229 mortem
2397 5173 2700 5237 dedissent,
2757 5173 2859 5225 nisi
2920 5171 3182 5226 Dominus
3236 5178 3290 5224 et
3344 5177 3504 5224 scuto

1908 5263 2067 5318 bonae
2095 5263 2395 5317 voluntatis
2425 5278 2539 5316 suae
2561 5270 3051 5316 coronasseteum.
3087 5262 3165 5314 Ita
3198 5259 3354 5314 nobis
3385 5273 3510 5314 cum

1909 5353 2187 5422 paucitate
2218 5367 2283 5406 ac
2312 5351 2582 5406 dedecore
2614 5350 2844 5414 relictis,
2878 5348 3210 5404 Turonensis
3243 5355 3297 5403 et
3315 5345 3514 5402 suifra-

1909 5449 2070 5519 ganei
2103 5449 2218 5517 ejus
2242 5464 2363 5503 cum
2393 5447 2634 5518 superbo
2657 5447 2887 5500 tumultu
2917 5445 3223 5500 inordinate
3285 5452 3340 5499 et
3395 5459 3506 5500 non

1910 5538 2174 5594 canonice
2203 5545 2570 5593 recesserunt.
2607 5536 2791 5591 Altera
2831 5536 2919 5590 die
2949 5535 3004 5588 in
3033 5534 3271 5590 ecclesia
3303 5539 3366 5590 B.
3407 5534 3512 5587 Hi-

1909 5626 2024 5681 larii
2055 5628 2186 5681 inito
2216 5627 2447 5682 concilio
2479 5626 2624 5679 nulla
2655 5625 2811 5680 nobis
2833 5624 3100 5694 promissa
3125 5623 3209 5679 vel
3232 5623 3512 5694 praemissa

1912 5716 2279 5771 satisfactione
2309 5716 2378 5770 de
2408 5715 2626 5783 injuria,
2659 5715 2852 5768 iterum
2882 5714 3052 5769 draco
3086 5713 3176 5767 ille
3205 5713 3512 5783 insurgens

1912 5814 2169 5877 tanquam
2201 5806 2286 5860 leo
2318 5805 2543 5878 rugiens
2572 5821 2680 5860 non
2713 5806 2884 5874 potuit
2904 5804 3083 5858 audiri
3133 5803 3364 5869 diutius;
3411 5801 3511 5856 sed

1912 5902 2196 5952 exerentes
2225 5895 2468 5968 gladium
2506 5894 2750 5966 Spiritus,
2784 5893 2929 5966 quod
2973 5896 3062 5948 est
3105 5891 3332 5948 verbum
3383 5887 3506 5970 Dei,
