3882 6406
414 383 513 438 511

1344 383 1662 442 HUGONIS
1700 384 1839 441 LUG
1848 384 1994 441 DUN
1999 384 2094 442 EN
2098 385 2200 443 SIS
2241 385 2780 446 ARCHIEPISCOPI

3628 386 3738 450 812

411 502 790 580 percussimus
821 505 939 576 ejus
964 507 1295 579 superbiam,
1319 517 1373 565 et
1394 510 1617 565 decreto
1640 510 1805 581 hujus
1835 525 2015 583 nego-
2044 509 2100 571 A
2130 511 2386 568 videlicet
2412 515 2834 574 nefandissimos
2862 523 3016 574 actus
3037 533 3166 574 suos
3195 517 3248 572 in
3265 516 3489 573 auribus
3510 516 3738 588 episco-

414 596 473 651 tii
497 594 713 666 prolato
762 597 1150 667 suspendimus
1198 614 1326 653 eum
1385 599 1547 654 etiam
1603 614 1636 653 a
1690 598 2019 655 sacerdotali

419 683 631 741 officio.
668 686 736 740 Et
767 686 895 757 quia
927 685 1115 741 sedem
1144 686 1500 758 apostolicam
1534 687 1935 758 appellavitubi
1957 703 2017 743 se

416 781 773 845 purgaturum
803 772 975 829 fuisse
1003 774 1073 829 de
1104 775 1337 831 simonia
1366 777 1617 844 asseruit,
1650 777 1719 832 ad
1748 776 2018 848 apostoli-

418 877 542 919 cam
574 863 763 918 sedem
790 879 915 918 eum
946 862 1281 929 remisimus,
1310 873 1364 920 et
1395 869 1579 921 vestro
1606 866 1814 934 judicio
1843 866 2018 937 depo-

419 950 659 1007 nendum
678 951 1065 1021 relinquimus.
1103 952 1288 1008 Abbas
1317 954 1613 1026 Bergensis
1656 954 1906 1010 ecclesiae
1947 953 2018 1009 de

415 1047 670 1104 Flandria
701 1047 869 1105 fuisse
899 1048 1229 1105 simoniacns
1257 1051 1648 1122 comprobatus
1680 1059 1763 1107 est
1810 1054 1866 1107 et
1913 1051 2017 1107 de-

413 1136 650 1208 positus.
690 1137 1000 1193 Bisontinns
1027 1139 1475 1211 archiepiscopus
1503 1155 1606 1197 nec
1634 1139 1895 1195 Eduensi
1916 1153 2019 1196 nec

414 1225 720 1282 Pictavensi
750 1226 983 1295 concilio
1014 1243 1075 1283 se
1121 1229 1488 1298 prmsentavit,
1538 1245 1643 1286 nec
1696 1228 2016 1285 canonicam

414 1315 562 1370 misit
589 1315 1023 1372 excusationem.
1059 1317 1453 1373 Belvacensem
1505 1318 1781 1389 pulsatum
1832 1318 1900 1373 de
1942 1318 2017 1372 si-

417 1404 622 1470 monia,
653 1412 708 1460 et
733 1403 825 1476 qui
857 1412 987 1476 post
1013 1404 1291 1460 decretum
1334 1407 1665 1479 prehendas
1708 1406 2020 1463 vendiderit

408 1492 769 1563 jndicandum
794 1493 950 1550 vobis
1006 1494 1337 1549 remisimus.
1396 1494 1829 1552 Noviomensem
1879 1510 2017 1566 pro-

414 1595 585 1638 causa
613 1597 710 1637 sua
742 1581 1012 1637 similiter.
1043 1584 1178 1638 Item
1207 1583 1632 1639 Ambianensem
1665 1598 2018 1656 pervaserem

412 1686 537 1728 cum
557 1668 966 1727 ordinatoribus
986 1671 1122 1737 suis,
1156 1671 1411 1729 videlicet
1435 1673 1820 1740 Laudunense,
1854 1673 2019 1729 Sues-

412 1783 670 1834 sonense,
703 1768 1143 1825 Silvanectense.
1182 1770 1323 1825 Mala
1351 1772 1599 1845 quaedam
1629 1781 1822 1827 nostra
1850 1771 2017 1827 etiam

412 1856 671 1912 intestina
699 1857 1011 1923 reticemus,
1040 1858 1169 1931 quia
1210 1875 1485 1930 personas
1541 1876 1574 1917 a
1630 1862 1828 1933 quibus
1885 1867 2013 1916 sunt
2041 1874 2094 1934 Β

412 1944 585 2012 illata,
616 1946 735 2002 Deo
756 1946 1009 2018 juventa,
1042 1964 1205 2021 quam
1234 1948 1395 2005 citius
1424 1950 1642 2005 venturi
1668 1948 2015 2006 commodius

411 2031 567 2089 vobis
597 2030 651 2087 in
681 2047 821 2088 aure
847 2033 1115 2090 dicemus.
1141 2036 1352 2092 Causas
1375 2036 1790 2109 Andegavensis
1805 2036 2019 2092 comitis

412 2121 552 2177 sicut
582 2121 924 2194 praecepistis
954 2123 1024 2178 ab
1055 2122 1229 2195 ipsius
1264 2140 1361 2181 ore
1409 2126 1720 2191 audientes,
1766 2126 2019 2182 rationa-

410 2208 551 2266 biles
579 2226 722 2283 pene
750 2227 875 2267 esse
905 2212 1238 2268 credidimus
1273 2231 1290 2280 ;
1319 2213 1417 2270 sed
1439 2214 1507 2270 de
1538 2214 1884 2270 absolutione
1903 2215 2021 2284 ejus

410 2312 521 2354 non
543 2308 940 2371 praesumentes
968 2300 1353 2357 diffinitionem
1382 2303 1545 2373 hujus
1589 2305 1670 2360 rei
1716 2304 2021 2375 prudentiae

413 2387 723 2444 sanctitatis
752 2397 947 2445 vestrae
978 2391 1390 2447 committimus.
1432 2392 1485 2448 Si
1519 2392 1649 2464 quid
1680 2408 1812 2449 vero
1844 2392 2022 2447 minus

414 2486 738 2557 scripsimus
770 2489 1047 2545 sanctitati
1111 2498 1333 2556 vestrae,
1390 2491 1570 2548 Teuzo
1628 2490 1771 2546 filius
1825 2502 2022 2548 vester

416 2574 777 2632 ﬁdelissimus
805 2588 1131 2648 coeperator
1161 2587 1347 2635 noster
1367 2579 1421 2634 in
1455 2581 1700 2643 domino,
1723 2583 1792 2636 de
1812 2580 2021 2636 Tarva-

413 2664 573 2720 nensi
593 2664 858 2737 episcopo
878 2681 1003 2723 cum
1027 2666 1369 2723 Pictaviensi
1391 2668 1522 2740 quid
1540 2669 1898 2725 statuerimus
1914 2669 2023 2741 ple.

413 2752 539 2810 nius
565 2752 855 2811 intimabit.
888 2755 1179 2811 Provideat
1211 2757 1393 2828 itaque
1423 2757 1683 2813 sanctitas
1713 2767 1914 2823 vestra,
1949 2773 2019 2814 ne

414 2840 619 2899 diutius
648 2849 758 2897 tam
787 2843 1152 2914 cpprobriose
1179 2845 1341 2900 nobis
1393 2846 1812 2917 improperetur,
1872 2846 2018 2918 quod

415 2929 699 2986 simoniaci
727 2931 812 2986 vel
841 2932 1154 3004 quicunque
1200 2933 1479 2989 criminosi
1507 2951 1537 2989 a
1566 2936 1725 2990 nobis
1763 2933 2019 3005 suspensi

412 3017 501 3076 vel
527 3018 763 3090 depositi
792 3028 883 3076 aut
904 3020 1068 3076 etiam
1099 3021 1341 3077 damnati
1371 3023 1605 3079 libenter
1632 3033 1862 3080 currunt
1900 3023 2015 3079 Ro.

411 3122 578 3174 mam,
611 3115 665 3164 ct
695 3107 786 3163 ubi
829 3108 1094 3165 deberent
1129 3111 1332 3167 sentire
1389 3112 1715 3184 ampliorem
1772 3111 2015 3185 rigorem

2125 624 2314 679 porum
2348 619 2401 666 et
2430 612 2790 668 cardinalium
2813 614 3084 683 jactanter
3114 614 3347 671 recitare
3379 630 3486 670 non
3529 615 3733 669 enube-

2125 707 2320 763 sceret,
2359 701 2636 771 copiosius
2678 705 2995 759 necessario
3051 702 3535 775 deprehendimus,
3565 720 3734 776 quam

2124 795 2531 852 intolerabiliter
2568 798 2745 854 Deum
2778 800 2832 854 in
2872 800 3044 873 ipsius
3077 800 3345 857 electione
3373 798 3736 855 oﬁ'erenderi-

2126 884 2423 956 mus.Quis
2454 886 2620 951 enim,
2654 888 2757 942 nisi
2787 906 2852 943 ex
2882 888 3054 960 ipsius
3083 905 3179 945 ore
3199 889 3454 954 audisset,
3486 905 3727 961 unquam

2123 975 2375 1029 crederet
2403 976 2637 1032 Henrico
2667 976 2812 1032 dicto
2861 978 2976 1051 regi
3018 977 3180 1033 fidem
3223 994 3346 1033 eum
3383 977 3623 1044 dedisse,
3670 984 3731 1032 ut

2124 1071 2193 1127 de
2221 1071 2515 1128 obtinenda
2547 1073 2772 1129 Romani
2803 1074 3016 1146 imperii
3068 1091 3273 1131 corona
3321 1073 3555 1129 fideliter
3599 1090 3726 1130 eum

2125 1169 2404 1238 adjuvaret
2426 1172 2454 1225 ?
2486 1173 2587 1225 Aut
2618 1171 2779 1243 cujus
2809 1173 3087 1229 accusatio
3118 1184 3303 1228 contra
3338 1171 3503 1228 talem
3543 1171 3726 1227 virum

2124 1266 2476 1338 reciperetur,
2510 1268 2613 1324 nisi
2640 1269 2779 1341 ipse,
2812 1286 2966 1338 quas:
2994 1271 3063 1326 ad
3090 1270 3368 1328 cumulum
3396 1268 3582 1343 gloriae
3612 1285 3727 1325 suae

2125 1364 2468 1428 ascribendo,
2501 1365 2660 1421 nobis
2689 1375 2979 1434 narrasset,
3036 1367 3355 1437 praedictum
3412 1382 3598 1440 regem
3652 1366 3724 1421 ad

2123 1461 2462 1517 invadendas
2490 1469 2664 1518 terras
2707 1462 2854 1517 beati
2915 1463 3055 1518 Petri
3109 1479 3404 1534 nunquam,
3463 1462 3567 1517 nisi
3618 1478 3723 1517 suo

2124 1549 2354 1606 consilio
2384 1557 2438 1605 et
2466 1550 2823 1622 persuasione
2854 1551 3208 1620 animaretur,
3258 1552 3485 1607 Romam
3535 1559 3724 1606 trans-

2121 1637 2232 1694 isse
2252 1639 2280 1691 ?
2305 1639 2548 1711 nunquid
2578 1654 2684 1695 non
2715 1638 2954 1694 delirans
2984 1640 3279 1705 videretur,
3328 1638 3373 1693 si
3430 1640 3549 1712 quis
3606 1638 3722 1694 Ro-

2126 1743 2348 1781 manum
2370 1727 2600 1782 electum
2627 1736 2747 1798 post
2768 1728 3168 1784 absolutionem
3189 1744 3222 1783 a
3241 1728 3554 1783 beatissimo
3580 1743 3724 1799 papa

2124 1815 2395 1889 Gregorio
2421 1824 2732 1887 susceptam
2762 1817 3290 1873 excommunicatum
3320 1817 3568 1889 garriret,
3610 1815 3720 1870 nisi

2125 1913 2244 1985 ipse
2282 1917 2537 1969 Attonem
2587 1912 2921 1970 cardinalem
2976 1914 3439 1969 Mediolanensem
3484 1911 3720 1968 electum

2125 2018 2155 2057 a
2185 2002 2443 2073 praedicto
2474 2018 2616 2074 papa
2645 2003 2840 2059 eodem
2871 2002 3064 2058 abbate
3094 2001 3470 2058 subscribente
3498 2001 3722 2073 publice

2126 2093 2677 2158 excommunicatum,
2735 2102 2786 2148 et
2845 2092 2965 2147 sine
3019 2090 3333 2163 pmnitentia
3387 2090 3719 2158 defunctum,

2125 2205 2235 2245 non
2266 2188 2444 2245 solum
2499 2189 2718 2245 beatum
2761 2188 2818 2244 in
2869 2188 3157 2246 communi
3202 2196 3393 2244 nostra
3447 2186 3725 2243 audientis

2126 2278 2429 2350 praedicare
2458 2285 2829 2349 prmsumeret,
2860 2294 3050 2333 verum
3080 2277 3247 2333 etiam
3276 2277 3517 2348 seipsum
3535 2292 3643 2330 non
3667 2277 3724 2331 in

2126 2376 2254 2444 alia,
2286 2375 2391 2430 nisi
2421 2376 2476 2430 in
2506 2390 2614 2447 qua
2642 2376 2759 2447 ipse
2791 2384 2894 2441 est,
2926 2374 3106 2448 gloria
3133 2374 3369 2430 futurum
3407 2381 3623 2429 oraret:
3667 2372 3723 2428 in

2127 2473 2326 2545 quibus
2353 2473 2607 2528 omnibus
2631 2473 3028 2528 dilectissimos
3058 2471 3258 2527 fratres
3288 2479 3506 2527 nostros
3534 2472 3606 2526 Η.
3670 2477 3725 2525 et

2125 2563 2191 2623 Β.
2228 2561 2559 2630 cardinales,
2591 2578 2732 2633 quos
2761 2561 3043 2618 vobiscum
3075 2577 3198 2617 esse
3235 2568 3506 2632 putamus,
3555 2567 3724 2615 testes

2125 2652 2483 2719 advocemus,
2515 2651 2606 2724 qui
2636 2651 2721 2707 vel
2754 2651 2857 2722 ipsi
2886 2651 2954 2706 de
2975 2651 3092 2719 ejus
3132 2666 3229 2706 ore
3281 2649 3580 2715 audierunt,
3636 2648 3723 2704 vel

2128 2748 2287 2804 bonis
2315 2748 2465 2814 viris,
2511 2747 2716 2820 quibus
2769 2747 3138 2804 indubitanter
3182 2745 3433 2813 credunt,
3472 2744 3721 2801 referen-

2126 2837 2294 2905 tibus,
2327 2852 2389 2892 se
2414 2837 2636 2894 audisse
2664 2836 2939 2891 dixerunt.
2966 2834 3220 2904 Quorties
3249 2834 3469 2891 decreta
3513 2822 3720 2889 domini

2127 2933 2213 2989 sui
2240 2948 2399 3005 papae
2430 2934 2701 3007 Gregorii,
2753 2934 3092 3005 aliorumque
3147 2941 3452 2989 sanctorum
3502 2932 3722 2987 Patrum

2126 3038 2234 3077 non
2264 3026 2441 3079 solum
2472 3025 2641 3079 verbo
2672 3031 2857 3094 aperte
2888 3022 3298 3095 improbaverit,
3330 3037 3520 3077 verum
3558 3020 3723 3075 etiam

2125 3120 2431 3176 manifestis
2461 3120 2720 3192 operibus
2761 3128 2953 3192 postea
2996 3119 3340 3184 destruxerit,
3370 3118 3425 3173 in
3482 3125 3616 3189 quot
3662 3125 3716 3172 et

404 3196 646 3268 justitiae,
679 3196 807 3253 inde
866 3206 1146 3269 reportant
1203 3199 1363 3272 quasi
1422 3201 1856 3258 misericordiam
1913 3217 2014 3273 pro
2045 3228 2096 3292 Ο
2123 3208 2321 3280 quibus
2351 3207 2486 3265 locis
2513 3208 2834 3264 electionem
2865 3225 3020 3263 suam
3052 3224 3162 3264 non
3193 3207 3494 3264 secundum
3524 3207 3726 3273 Deum,

409 3294 717 3355 voluntate.
755 3297 824 3352 Et
854 3297 943 3369 qui
971 3306 1131 3354 antea
1161 3315 1264 3356 nec
1292 3300 1349 3354 in
1378 3300 1595 3356 levibus
1633 3317 2011 3372 praesumpse-

408 3393 535 3440 runt
562 3399 814 3457 peccare,
848 3387 1194 3457 postmodum
1227 3397 1485 3446 exercent
1533 3389 1871 3462 aptissimam
1912 3407 2016 3446 ne-

409 3472 768 3546 gotiationem
799 3490 925 3531 cum
956 3477 1247 3548 tyrannide
1274 3478 1328 3532 in
1358 3478 1668 3534 commissis
1696 3479 1801 3533 sibi
1838 3478 2019 3535 eccle-

410 3560 533 3617 siis.
571 3560 705 3632 Ora,
738 3564 1081 3620 sanctissime
1134 3581 1297 3637 papa,
1330 3582 1428 3639 pro
1470 3584 1560 3623 me
1617 3567 1798 3622 inutili
1854 3582 2018 3624 servo

409 3650 709 3707 sanctitatis
738 3660 965 3709 vestrae.

1125 3824 1265 3879 VIII.

410 3945 828 4022 Adﬂathildcm
841 3948 1215 4005 comitissam.
1239 3978 1306 4022 -έτ
1334 3951 1410 4005 De
1443 3950 1741 4022 electione,
1785 3964 2012 4022 promo-

448 4019 601 4073 tione
613 4022 669 4073 et
688 4032 954 4075 consecro
963 4021 1113 4075 tione
1131 4019 1644 4082 Desiderii.abbatis
1667 4019 2012 4088 ϐαείηεηκὶε,

446 4088 509 4143 in
529 4088 860 4161 pontiﬁcem
890 4091 1204 4146 Romanum
1232 4090 1335 4146 sub
1369 4093 1603 4148 nomine
1653 4093 1897 4165 Victoris,
1918 4094 2011 4149 Ill.

1003 4206 1066 4276 (Α
1079 4221 1185 4262 nno
1216 4205 1405 4278 1087.)

768 4328 995 4403 [Manen
1034 4330 1281 4400 Concil.,
1314 4339 1454 4389 tom.
1492 4332 1659 4406 XX.]

483 4453 663 4519 Hnno,
697 4462 902 4512 sanctae
932 4456 1312 4528 Lugdunensis
1343 4455 1607 4515 Ecclesiae
1637 4473 1850 4525 servus,
1880 4458 2013 4515 dile-

409 4539 670 4600 ctissime;
696 4543 748 4599 in
782 4544 994 4601 Christo
1025 4546 1202 4602 sorori
1234 4546 1329 4614 δι,
1376 4546 1575 4603 divinae
1621 4548 2010 4604 consolationis

408 4632 744 4689 uberrimam
769 4635 1001 4706 gratiam
1016 4675 1029 4690 .

476 4718 630 4787 Quot
656 4730 711 4779 et
745 4722 955 4795 quantis
981 4727 1186 4780 sancta:
1215 4725 1474 4781 Romanae
1504 4725 1769 4781 Ecclesiae
1815 4725 2015 4785 litteris

406 4827 459 4878 et
486 4821 952 4878 reverentissime
981 4823 1262 4879 memeriae
1282 4823 1421 4878 beati
1446 4823 1717 4888 Anselmi,
1737 4831 1789 4879 et
1813 4824 2014 4880 vestris

406 4916 519 4965 tam
548 4908 939 4984 legationibus,
972 4927 1138 4983 quam
1170 4919 1224 4966 et
1272 4911 1470 4967 litteris
1515 4920 1740 4969 coactus
1782 4913 2013 4969 Romam

407 5000 677 5066 venerim,
717 5008 1034 5074 quantoque
1090 5008 1340 5072 tempore
1407 5001 1462 5055 in
1528 5002 1777 5073 partibus
1846 5003 2014 5058 Italiae

406 5097 599 5145 contra
627 5089 814 5146 ofﬁciii
843 5091 953 5146 mei
982 5091 1323 5163 propositum
1361 5100 1603 5146 moratus
1637 5092 1757 5159 sim,
1785 5093 2014 5161 pruden-

406 5176 478 5232 tia
508 5186 690 5235 vestra
717 5178 903 5235 doceri
932 5195 1042 5236 non
1072 5180 1281 5252 indiget
1313 5196 1325 5236 :
1361 5180 1688 5236 electionem
1712 5196 1844 5236 vero
1857 5181 2014 5237 Casi-

408 5268 596 5323 nensis
622 5268 833 5324 abbatis
860 5272 1153 5342 antequam
1177 5284 1282 5341 ego
1303 5270 1530 5326 Romam
1550 5271 1794 5325 venerim
1814 5269 2011 5327 factum

409 5355 744 5414 sufficienter
769 5358 1019 5423 audistis,
1049 5358 1136 5414 cui
1186 5368 1297 5414 tam
1351 5374 1457 5431 ego
1515 5374 1680 5432 quam
1728 5367 1780 5415 et
1832 5359 2013 5415 caeteri

408 5442 604 5500 fratres
631 5446 737 5502 mei
766 5455 971 5504 sancta:
994 5446 1263 5504 Romanae
1292 5448 1557 5505 Ecclesiae
1579 5447 1695 5516 ﬁlii,
1719 5447 2015 5522 diligentes

407 5533 585 5604 magis
612 5533 847 5604 gloriam
875 5536 1155 5592 hominum
1187 5554 1353 5609 quam
1403 5537 1524 5605 Dei,
1584 5553 1686 5609 pro
1746 5538 2016 5609 temporis

409 5617 720 5677 inﬁrmitate
747 5639 1029 5680 assensum
1063 5627 1427 5697 prmbuimus.
1486 5628 1780 5699 Postquam
1828 5636 2016 5682 autem

411 5708 480 5761 ad
507 5718 751 5765 montem
798 5710 1076 5779 Casinum,
1135 5731 1245 5787 quo
1298 5716 1417 5787 ipse
1462 5717 1576 5785 jam
1629 5725 2015 5787 praecesserat,

413 5791 602 5851 Roma
630 5797 945 5870 aliquandiu
975 5803 1169 5857 morati
1198 5803 1372 5874 ipsius
1398 5805 1598 5860 ducatu
1647 5806 2016 5875 pervenimus,

416 5905 483 5947 ax
501 5892 756 5966 ejusdem
787 5894 1148 5953 familiaribus
1177 5899 1464 5958 nobiscum
1518 5901 1828 5974 colloquiis,
1890 5904 2018 5960 dum

2123 3297 2223 3353 sed
2247 3298 2595 3353 tumultuarie
2624 3297 2817 3353 factam
2845 3313 3194 3363 asseverans,
3244 3295 3457 3368 publice
3511 3293 3720 3350 refuta-

2123 3387 2285 3454 verit,
2316 3395 2370 3442 et
2399 3402 2678 3458 nunquam
2708 3402 2769 3442 se
2799 3385 3166 3459 acquievisse,
3207 3385 3287 3441 vel
3317 3386 3372 3439 in
3401 3392 3726 3456 perpetuum

2122 3485 2500 3556 acquieturum
2534 3484 2636 3538 sub
2668 3483 2897 3539 terribili
2938 3487 3278 3540 attestatione
3323 3480 3674 3538 aiﬁrmaverit
3705 3500 3721 3537 :

2120 3587 2327 3643 quasve
2358 3588 2620 3643 personas
2651 3572 2973 3628 electionem
3005 3572 3284 3628 reddendo
3305 3570 3569 3635 ecclesiae,
3594 3570 3726 3624 ido-

2122 3678 2254 3717 neas
2284 3660 2414 3733 eligi
2467 3661 2521 3716 in
2581 3661 2893 3717 Romanum
2950 3660 3260 3732 pontiﬁcem
3313 3660 3529 3726 dixerit,
3586 3658 3727 3713 inter

2124 3767 2259 3822 quas
2290 3750 2586 3822 quamdam
2619 3751 2776 3807 vobis
2807 3767 2870 3806 ex
2902 3751 3141 3818 nomine,
3175 3752 3470 3806 Metensem
3515 3747 3725 3803 scilicet

2123 3849 2277 3915 Hem,
2312 3848 2656 3920 quorundam
2688 3848 2914 3904 consilio
2964 3847 3202 3918 scripsit,
3261 3846 3514 3919 quoniam
3566 3844 3725 3899 vobis

2123 3952 2319 4010 magna
2348 3952 2412 3991 ex
2445 3944 2599 4007 parte
2628 3937 2921 3992 manifesta
2951 3945 3093 4003 sunt,
3127 3945 3177 3990 et
3207 3936 3548 4007 epistolarem
3596 3947 3725 3988 mo-

2121 4033 2252 4089 dum
2283 4035 2631 4099 excederent,
2665 4051 2732 4089 ex
2762 4035 2954 4090 ordine
2971 4033 3213 4090 scribere
3235 4032 3548 4089 omittimus.
3563 4030 3723 4087 Nunc

2121 4140 2253 4179 vero
2282 4139 2405 4180 cum
2430 4123 2541 4192 jam
2574 4124 2792 4181 tandem
2823 4129 3174 4196 posttantum
3206 4122 3457 4178 laborem
3485 4119 3722 4176 inaniter

2118 4220 2456 4293 insumptum
2488 4222 2764 4293 respirare
2796 4220 3097 4288 videamur,
3131 4228 3185 4276 et
3214 4219 3537 4275 electionem
3563 4216 3721 4274 toties

2119 4319 2427 4387 rel‘utatam,
2460 4328 2513 4375 et
2551 4319 2797 4375 Ecclesia
2838 4318 3128 4385 redditam,
3186 4317 3366 4372 divina
3415 4314 3609 4389 gratia,
3668 4321 3723 4369 et

2120 4425 2305 4473 vestro
2334 4415 2454 4471 fulti
2505 4415 2735 4472 consilio
2792 4425 2846 4471 et
2894 4414 3094 4470 auxilio
3150 4414 3206 4470 in
3260 4413 3501 4486 proximo
3554 4410 3721 4466 libere

2121 4505 2302 4563 facere
2332 4505 2724 4577 sperabamus,
2754 4504 2858 4559 sub
2874 4504 3165 4559 occasione
3187 4502 3427 4573 eligendi
3449 4502 3510 4558 R.
3534 4498 3721 4571 ponti-

2041 4587 2097 4649 D
2125 4603 2303 4667 licem,
2334 4603 2626 4659 concilium
2670 4601 2725 4656 in
2765 4602 2969 4672 Capua,
3028 4601 3168 4657 sicut
3226 4600 3433 4655 illarum
3490 4597 3719 4669 partium

2122 4693 2462 4763 apostolicus
2492 4690 2728 4747 vicarius
2760 4690 3146 4763 congregavit.
3186 4689 3269 4746 Ac
3296 4688 3442 4761 quod
3484 4702 3607 4759 ego,
3666 4692 3720 4741 et

2120 4790 2291 4844 abbas
2322 4788 2700 4855 Massiliensis,
2747 4796 2909 4860 atque
2953 4787 3404 4858 archiepiscopus
3453 4783 3717 4856 Aquensis

2120 4879 2263 4950 apud
2297 4877 2585 4932 Salernum
2618 4884 3039 4941 commorantes,
3073 4877 3144 4932 ab
3173 4875 3429 4946 episcopo
3458 4872 3714 4939 Ostiensi,

2120 4984 2176 5032 et
2201 4976 2450 5047 principe
2479 4975 2847 5042 Salernitano,
2882 4984 2936 5029 et
2992 4972 3273 5030 Conciano
3327 4972 3390 5027 R.
3442 4986 3505 5026 ex
3561 4978 3712 5041 parte

2117 5064 2308 5121 vicarii
2339 5074 2389 5120 et
2414 5065 2475 5122 [ἰ.
2502 5064 2766 5121 Ecclesiae
2787 5062 3019 5132 invitati,
3052 5070 3109 5117 ut
3154 5059 3437 5119 communi
3489 5057 3711 5115 consilio

2120 5162 2193 5218 R.
2223 5160 2533 5232 pontiﬁcem
2555 5160 2907 5232 eligeremus,
2928 5159 3197 5215 veniendo
3216 5156 3572 5214 obedivimus.
3595 5155 3711 5210 Dux

2123 5252 2283 5308 etiam
2313 5251 2635 5323 quibusdam
2659 5249 3218 5307 circumventionibus
3244 5262 3279 5302 a
3303 5245 3539 5303 Jordano
3567 5243 3713 5315 prin-

2123 5340 2244 5412 cipe
2267 5339 2586 5409 juveniliter
2615 5340 2848 5407 illectus,
2898 5338 3029 5397 illuc
3076 5336 3241 5394 venit.
3286 5336 3418 5391 Cum
3464 5348 3598 5407 ergo
3645 5333 3713 5388 de

2118 5439 2401 5511 preposito
2453 5439 2674 5511 negotio
2729 5445 2964 5494 tractare
3036 5436 3468 5508 disponeremus,
3541 5430 3714 5487 abbas

2124 5528 2453 5601 quibusdam
2485 5527 2741 5584 mollibus
2769 5536 2824 5583 et
2850 5525 3126 5600 gestuosis
3147 5522 3548 5596 repulsionibus
3601 5519 3715 5575 fau-

2124 5625 2275 5673 tores
2304 5633 2436 5674 suos
2455 5617 2746 5689 episcopos
2775 5626 2827 5672 et
2858 5616 3157 5688 principem
3186 5614 3255 5669 ad
3284 5608 3713 5683 compellendum

2125 5731 2185 5772 se
2209 5731 2514 5786 provocare
2548 5716 2737 5784 coepit.
2776 5714 3065 5784 Comperta
3094 5720 3273 5768 autem
3303 5707 3542 5765 versutia
3590 5722 3709 5772 sua,

2126 5819 2249 5862 cum
2277 5804 2524 5877 praedicti
2551 5805 2619 5860 ad
2650 5803 3052 5860 restitutionem
3082 5800 3165 5858 sui
3187 5799 3336 5874 quasi
3357 5797 3580 5854 invitum
3592 5811 3713 5852 eum

2127 5903 2540 5976 compellerent,
2572 5918 2676 5961 nos
2701 5901 3083 5977 praenominati
3136 5915 3263 5958 cum
3308 5895 3551 5956 Ostiensi
3596 5895 3715 5968 epi-
