3882 6400
209 420 315 478 512

1400 410 1751 472 EPISTOLE
1786 415 1875 473 ET
1912 411 2329 473 PRIVILEGIA.
2384 446 2389 449 τ

3406 413 3508 474 514

206 559 377 615 scopo
424 549 476 596 et
514 538 834 597 Witmundo
883 540 1171 606 monacho,
1220 546 1273 592 et
1319 537 1639 608 quibusdam
1685 538 1804 593 aliis
1830 547 1887 609 Α
1914 544 2034 593 ratu
2060 535 2177 592 ﬁeri
2204 536 2472 604 viderunt,
2504 535 2589 592 vel
2636 533 2754 591 aliis
2799 531 3155 592 referentibus
3188 535 3505 603 didicerunt,

207 631 491 687 consilium
527 629 836 696 habuimus,
882 627 1109 697 qualiter
1152 627 1360 682 astutiae
1407 626 1550 680 illius
1590 635 1810 682 contra-

210 720 432 775 iremus.
463 719 751 786 Postquam
782 732 913 788 ergo
945 716 1059 786 ipse
1091 714 1208 784 jam
1257 722 1472 785 paratus
1509 722 1624 769 erat
1674 715 1809 769 insi-

210 808 343 881 gnia
396 804 736 877 pontiﬁcatus
774 820 1047 859 resumere
1096 811 1149 858 et
1205 803 1523 858 electionem
1553 802 1715 857 etiam
1756 803 1812 857 in

210 896 330 968 ipso
382 902 648 952 conventu
713 892 983 947 multoties
1055 892 1343 947 refutatam
1388 891 1579 946 iterum
1644 891 1701 946 in
1755 907 1815 947 se

209 993 543 1055 retorquere,
566 982 944 1053 praedictorum
975 981 1220 1050 consilio,
1248 996 1347 1034 nos
1398 987 1597 1035 tantam
1628 980 1812 1035 homi-

210 1071 296 1128 nis
322 1072 598 1129 levitatem
627 1078 680 1125 et
707 1068 970 1140 propositi
1023 1070 1105 1123 sui
1135 1068 1548 1124 mutabilitatem
1600 1068 1810 1139 impro-

211 1170 420 1237 bantes,
453 1169 510 1223 in
538 1167 810 1224 audientia
855 1166 1098 1222 omnium
1127 1182 1227 1222 nos
1254 1181 1595 1236 nequaquam
1625 1181 1813 1221 assen-

212 1275 333 1313 sum
363 1258 682 1330 praebituros
707 1256 981 1324 diximus;
1012 1255 1113 1309 nisi
1166 1256 1232 1309 de
1280 1254 1600 1325 quibusdam
1629 1262 1817 1311 contra

216 1347 419 1403 famam
448 1362 624 1412 suam,
656 1352 711 1399 et
737 1344 868 1399 tanti
921 1344 1125 1399 ordinis
1154 1344 1473 1415 dignitatem
1530 1359 1652 1412 qua:
1697 1351 1819 1414 post

217 1436 538 1490 electionem
566 1450 718 1488 suam
751 1433 907 1487 nobis
961 1432 1029 1487 de
1068 1448 1132 1488 eo
1188 1432 1547 1501 innatuerunt,
1581 1432 1816 1503 primum

217 1523 473 1579 canonice
508 1522 836 1577 examinatio
866 1520 1033 1577 ﬁeret.
1058 1520 1215 1590 Quod
1229 1521 1342 1592 ipse
1363 1520 1586 1593 indigne
1616 1520 1814 1586 ferens,

217 1628 393 1681 neque
422 1612 489 1666 ad
510 1611 966 1666 examinationem
1016 1618 1323 1678 venturum,
1371 1625 1547 1680 neque
1592 1609 1815 1664 electio-

219 1718 344 1756 nem
384 1716 621 1770 unquam
689 1706 1058 1770 suscepturum
1111 1714 1169 1754 se
1232 1697 1451 1768 publice
1511 1696 1815 1753 affirmavit.

221 1789 419 1859 Sicque
446 1788 572 1843 data
600 1787 758 1842 nobis
804 1788 997 1842 iterum
1041 1786 1258 1841 licentia
1294 1786 1363 1842 ab
1393 1802 1457 1842 eo
1489 1802 1646 1857 quem
1696 1786 1816 1841 vel-

1918 626 2128 697 plenius
2166 624 2323 681 vobis
2384 623 2582 679 referre
2638 630 2908 693 poterunt.
2970 625 3071 679 Hic
3124 622 3288 695 igitur
3327 638 3513 679 conse-

1918 723 2093 769 cratus
2139 712 2207 768 ab
2255 712 2487 767 Ostiensi
2546 711 2823 783 episcopo,
2871 729 2994 771 cum
3047 712 3239 767 missas
3278 710 3421 782 apud
3450 711 3508 768 S.

1920 812 2134 867 Petrum
2185 809 2403 877 diceret,
2452 809 2591 865 infra
2651 810 2918 865 actionem
2973 809 3179 879 judicio
3238 809 3339 863 Dei
3395 825 3514 881 per-

1920 915 2106 953 cussus
2132 906 2229 954 est.
2254 898 2320 953 Et
2346 898 2594 968 quamvis
2636 897 2804 968 tarde,
2846 914 3179 971 cognoscens
3206 914 3263 952 Se
3287 913 3511 965 errasse,

1921 987 2095 1057 seipse
2169 985 2442 1058 deposuit,
2520 994 2571 1042 et
2644 987 2824 1043 accitis
2898 985 3151 1042 fratribus
3205 986 3275 1042 de
3334 986 3515 1042 Mente

1921 1074 2135 1143 Casino,
2187 1074 2277 1145 qui
2340 1090 2520 1129 sccum
2569 1074 2811 1143 aderant,
2860 1075 3120 1145 praecepit
3169 1090 3228 1129 se
3273 1074 3365 1130 illo
3412 1074 3515 1129 de-

1923 1162 2068 1229 ferri,
2100 1170 2154 1217 et
2182 1162 2236 1217 in
2259 1162 2493 1235 capitulo
2523 1179 2630 1219 non
2677 1171 2735 1218 ut
2763 1179 2982 1235 papam,
3014 1163 3114 1219 sub
3161 1170 3221 1219 ut
3263 1162 3516 1219 abbatem

1921 1250 2156 1322 sepeliri.

2670 1350 2768 1405 IX.

2296 1446 2378 1504 Ad
2406 1447 2684 1504 eamdem.
2712 1479 2781 1489 —
2810 1448 2888 1504 De
2916 1446 3136 1504 iisdzm.

2529 1561 2705 1632 (Anno
2739 1560 2921 1631 1088.)

2423 1674 2646 1744 [Musa
2674 1676 2770 1732 ubi
2797 1675 3018 1749 ευριπ]

1996 1790 2272 1846 Mummi
2299 1788 2661 1846 dilectissime;
2705 1790 2763 1845 in
2805 1790 3012 1847 Christo
3058 1788 3226 1847 sorori
3255 1806 3322 1849 ac
3349 1793 3524 1852 unica

219 1878 394 1933 lemus
420 1877 643 1949 eligere,
676 1876 953 1931 excutiens
980 1875 1203 1931 brachia
1248 1892 1364 1942 sua,
1412 1874 1635 1964 coapita
1664 1874 1820 1964 nobis
1848 1903 1900 1964 Β
1930 1877 2058 1934 ﬁliae
2088 1878 2230 1934 beati
2260 1878 2420 1948 Petri,
2451 1879 2611 1934 Ηυαο
2638 1887 2840 1935 sanctae
2867 1879 3238 1952 Lugdunensis
3266 1878 3522 1940 Ecclesiae

217 1967 491 2034 recedere,
550 1981 673 2020 cum
745 1964 1097 2019 Witmundus
1161 1981 1229 2019 ex
1288 1964 1512 2019 consilio
1562 1962 1822 2017 Ostiensis

219 2055 460 2125 episcopi
490 2053 704 2125 publice
733 2053 1076 2115 exclamavit,
1107 2052 1366 2107 infamem
1394 2067 1681 2121 personam
1713 2067 1823 2106 non

218 2144 418 2200 debere
448 2143 503 2196 in
551 2143 852 2196 Romanum
891 2139 1199 2212 pontiﬁcem
1246 2141 1395 2213 eligi,
1450 2141 1535 2197 vel
1563 2139 1819 2207 ordinari,

218 2258 344 2297 cum
389 2247 656 2296 constaret
702 2256 825 2294 eum
889 2238 1252 2294 indubitanter
1297 2238 1578 2293 infamiam
1636 2237 1822 2292 incur-

218 2331 376 2397 risse,
408 2329 663 2400 quoniam
712 2327 930 2397 quidem
970 2327 1585 2383 excommunicationem
1636 2325 1822 2381 domni

223 2434 384 2492 papae
413 2417 662 2490 Gregorii
693 2432 790 2488 per
835 2432 1036 2471 annum
1084 2416 1353 2488 integrum
1406 2423 1459 2470 et
1487 2415 1821 2483 continuum,

220 2523 276 2571 et
321 2531 385 2570 eo
433 2515 553 2587 plus
601 2514 715 2568 sine
779 2513 1038 2568 canonica
1084 2512 1399 2585 paenitentia
1454 2512 1813 2568 sustinuisset.

220 2604 425 2660 Taliter
454 2604 631 2673 itaque
661 2602 919 2657 dissoluto
948 2610 1234 2670 conventu,
1270 2610 1323 2657 et
1351 2602 1478 2672 quia
1506 2618 1615 2657 nox
1652 2602 1827 2656 immi-

226 2694 411 2762 nebat,
462 2692 619 2747 nobis
656 2692 1050 2761 recedentibus,
1102 2691 1360 2746 remansit
1405 2691 1514 2745 dux
1561 2707 1685 2746 cum
1734 2706 1820 2759 eo,

222 2799 435 2848 retento
463 2807 646 2846 secum
678 2789 911 2846 Ostiensi
959 2805 1083 2844 cum
1127 2789 1335 2844 caeteris
1361 2789 1426 2843 R.
1477 2788 1745 2858 episcopis
1772 2793 1829 2843 et

205 2872 606 2936 cardinalibus.
658 2878 762 2935 Ubi
799 2894 920 2933 cum
968 2878 1060 2932 diu
1088 2877 1332 2949 rogando
1380 2877 1489 2931 dux
1529 2876 1822 2941 institisset,

224 2976 285 3022 ut
323 2966 611 3038 quemdam
657 2965 907 3021 Altanum
967 2965 1023 3019 in
1070 2965 1465 3021 Salernitanum
1513 2964 1825 3034 episcopum

223 3062 583 3122 consecraret,
615 3055 711 3110 sed
740 3054 970 3110 Ostiensi
1018 3054 1417 3110 contradicente
1445 3053 1615 3108 abbas
1643 3052 1827 3109 volun-

225 3153 391 3201 tatem
466 3144 616 3199 ducis
676 3143 902 3214 implere
950 3158 1059 3198 non
1114 3143 1370 3210 auderet,
1448 3158 1703 3212 quoniam
1758 3141 1828 3196 de

225 3232 664 3289 manifestissima
692 3232 987 3287 ambitione
1016 3231 1239 3287 Alfanus
1289 3230 1566 3289 convictus
1613 3230 1821 3300 fuerat,
1854 3257 1905 3322 ο

226 3322 338 3377 dux
366 3322 603 3394 graviter
630 3321 938 3393 indignatus
964 3320 1184 3375 recessit
1226 3320 1295 3375 ab
1325 3319 1421 3374 eis.
1454 3319 1636 3374 Abbas
1663 3318 1829 3390 igitur

226 3411 403 3484 gratia
430 3411 727 3478 destitutus,
774 3408 1028 3479 quoniam
1060 3409 1175 3464 sine
1224 3425 1288 3464 eo
1318 3409 1387 3463 ad
1424 3409 1581 3464 Rom.
1616 3403 1828 3479 pontiﬁ-

227 3517 407 3565 catum
473 3508 709 3579 aspirare
765 3506 1105 3576 desperabat,
1178 3505 1449 3576 profunda
1505 3504 1623 3573 jam
1672 3510 1827 3558 nocte

228 3597 434 3655 cunctis
480 3595 873 3652 dormientibus
928 3594 1255 3667 legationem
1312 3594 1381 3649 ad
1432 3593 1624 3649 ducem
1662 3592 1824 3660 misit,

230 3686 415 3756 sicque
443 3685 579 3740 duce
609 3685 678 3740 ad
707 3684 959 3739 abbatem
1006 3683 1282 3749 redeunte,
1318 3690 1370 3737 et
1400 3682 1570 3738 abbas
1596 3681 1828 3754 gratiam

231 3775 376 3846 apud
406 3773 597 3829 ducem
628 3781 688 3828 ut
712 3789 856 3845 papa
906 3770 1075 3839 ﬁeret,
1109 3779 1163 3827 et
1209 3771 1319 3826 dux
1364 3770 1509 3841 quod
1555 3769 1831 3841 qumrebat

232 3873 464 3930 obtinuit
512 3873 656 3943 apud
721 3871 996 3939 abbatem,
1049 3878 1107 3925 ut
1152 3870 1377 3925 Alfenus
1430 3875 1832 3926 consecraretur

232 3963 476 4033 sequenti
540 3962 666 4029 die,
730 3961 981 4017 videlicet
1035 3959 1319 4015 Dominica
1374 3959 1429 4013 in
1479 3958 1712 4025 Palmis,
1764 3973 1831 4013 ex

232 4067 502 4131 praecepto
559 4057 770 4114 abbatis
798 4057 852 4112 id
889 4074 945 4112 se
997 4056 1201 4112 cunctis
1238 4056 1416 4111 facere
1451 4052 1831 4125 respondenti-

234 4148 353 4204 bus.
387 4148 590 4204 Eadem
620 4148 801 4218 itaque
829 4147 916 4202 die
958 4163 1081 4202 cum
1128 4153 1248 4217 post
1289 4143 1574 4215 prandium
1622 4142 1791 4198 abbas
1814 4181 1830 4209 ,

237 4236 347 4292 dux
393 4244 447 4291 et
486 4236 757 4308 princeps,
808 4244 1028 4305 uterque
1060 4251 1091 4289 a
1119 4249 1312 4289 somno
1360 4231 1659 4287 meridiano
1709 4247 1832 4284 sur-

237 4335 518 4404 rexissent,
584 4334 697 4390 sole
753 4333 1061 4390 declinante
1107 4332 1176 4387 ad
1233 4330 1509 4397 inferiora,
1559 4328 1655 4384 sed
1706 4328 1832 4386 vino

238 4434 512 4490 obtinente
555 4434 849 4505 superiora,
909 4422 1034 4500 heu,
1093 4432 1229 4502 proh
1272 4429 1427 4484 dolor
1468 4430 1482 4483 l
1520 4428 1690 4483 abbas
1735 4441 1832 4498 pro

238 4535 487 4591 mercede
516 4533 915 4589 nefandissimae
952 4530 1389 4599 consecrationis,
1432 4530 1597 4584 fultus
1642 4537 1831 4584 aucto-

1927 1993 2132 2040 servus,
2155 1975 2382 2031 salutem
2411 1975 2468 2030 in
2496 1976 2752 2032 charitate
2781 1993 2887 2033 non
2916 1975 3059 2033 ﬁcta.

1999 2064 2259 2134 Quamvis
2295 2065 2547 2135 sciamus,
2590 2065 2914 2122 venerabilis
2941 2066 3180 2136 domina,
3209 2068 3311 2125 hoc
3347 2068 3523 2127 solum

1932 2160 1981 2208 te
2008 2169 2217 2225 sapere,
2266 2156 2368 2209 hoc
2414 2154 2587 2209 solum
2644 2154 2913 2211 inhianter
2963 2162 3014 2210 te
3063 2173 3323 2227 quaerere,
3374 2158 3520 2229 quod

1930 2241 1999 2297 ad
2072 2243 2333 2298 honorem
2405 2243 2504 2298 Dei
2570 2251 2621 2298 et
2667 2244 2976 2314 apostolica
3031 2245 3174 2301 sedis
3225 2247 3520 2317 pertineat,

1930 2338 2112 2386 tamen
2132 2328 2468 2387 dissimulare
2496 2347 2604 2386 non
2634 2346 2918 2403 possumus
2964 2333 3093 2403 quin
3129 2351 3197 2389 ex
3231 2336 3526 2392 abundanti

1931 2420 2186 2492 pietatem
2240 2427 2385 2475 tuam
2424 2436 2585 2489 super
2633 2422 2736 2476 hoc
2792 2421 3198 2493 admoneamus,
3242 2432 3301 2479 ut
3330 2425 3527 2481 sanctis

1932 2503 2212 2559 desideriis
2249 2504 2351 2558 tuis
2380 2504 2657 2576 parvitatis
2686 2512 2880 2561 nostrae
2926 2507 3101 2562 studia
3129 2507 3517 2582 adjungamus.

1932 2592 2143 2669 Scimus
2174 2590 2392 2664 quidem
2422 2592 2666 2672 qualiter,
2695 2609 2861 2665 supra
2890 2595 3187 2651 femineum
3218 2598 3439 2654 modum
3469 2600 3527 2656 in

1931 2689 2073 2747 virili
2099 2696 2317 2760 pectore
2368 2689 2664 2746 ferventem
2708 2691 2981 2748 charitatis
3026 2692 3302 2751 ﬂammam
3338 2698 3529 2754 conci-

1931 2778 2106 2848 piens,
2139 2779 2193 2833 in
2221 2779 2533 2850 exemplum
2571 2779 2714 2835 facta
2741 2782 2815 2834 sis
2843 2781 3085 2835 omnium
3113 2783 3440 2854 pn'ncipum,
3471 2793 3530 2842 ut

1933 2883 2056 2922 cum
2087 2873 2157 2934 te,
2187 2882 2309 2937 quae
2349 2866 2632 2938 temporali
2680 2868 2919 2939 potentia
2947 2876 3000 2925 et
3026 2858 3223 2939 opibus
3249 2871 3526 2946 aﬁluebas,

1934 2971 2125 3020 cuncta
2162 2977 2258 3036 pro
2298 2963 2518 3020 nomine
2572 2964 2790 3019 Domini
2847 2967 3187 3038 expendisse,
3245 2977 3298 3025 et
3342 2972 3529 3028 mundi

1934 3052 2170 3108 furorem
2220 3060 2647 3124 potestatemque
2692 3054 3054 3125 tenebrarum,
3085 3055 3211 3112 ﬁdei
3258 3066 3531 3118 armatura

1934 3139 2157 3195 evicisse
2195 3140 2567 3212 cognoverint,
2609 3140 2855 3196 similiter
2880 3159 2939 3196 se
2967 3151 3019 3199 et
3048 3160 3157 3199 non
3184 3145 3372 3202 fecisse
3400 3164 3530 3205 eru-

1933 3228 2173 3297 bescant,
2206 3236 2260 3284 et
2286 3228 2463 3283 facere
2505 3237 2755 3300 prompta
2782 3231 3068 3286 devotione
3110 3248 3219 3288 non
3263 3235 3526 3294 dubitent.

1935 3317 2043 3374 Sed
2072 3318 2210 3373 inter
2235 3319 2371 3386 haec,
2404 3317 2749 3374 dilectissima
2777 3318 3018 3389 domina,
3050 3321 3119 3376 ad
3148 3330 3384 3379 mentem
3431 3323 3528 3382 tibi

1934 3430 2078 3485 saepe
2110 3413 2472 3469 reducendum
2500 3420 2581 3469 est
2607 3422 2665 3469 ut
2692 3414 2746 3468 in
2767 3414 3020 3470 omnibus
3034 3416 3211 3473 modis
3237 3421 3532 3478 contendas

1933 3520 2102 3573 usque
2158 3503 2214 3558 in
2264 3501 2428 3558 ﬁnem
2486 3518 2851 3574 perseverare,
2893 3511 2945 3559 et
2980 3505 3219 3577 gloriosa
3263 3509 3531 3583 principia

1935 3591 2162 3647 feliciori
2216 3592 2678 3648 consummatione
2732 3591 3010 3663 perﬁcere,
3063 3596 3189 3665 quia
3224 3598 3362 3653 sicut
3395 3616 3531 3672 pru-

1936 3680 2173 3735 dentiam
2214 3688 2359 3736 tuam
2397 3696 2495 3752 per
2542 3681 2801 3751 Spiritum
2841 3682 3085 3739 edoctam
3131 3688 3527 3761 cognoscimus,

1939 3785 2063 3833 tunc
2098 3777 2284 3832 salutis
2329 3784 2383 3833 et
2436 3778 2784 3847 premiorum
2835 3786 2981 3836 certa
3015 3778 3213 3838 ﬁducia
3258 3792 3356 3854 est,
3405 3802 3531 3845 cum

1936 3883 2105 3936 usque
2134 3867 2190 3921 in
2218 3864 2380 3923 ﬁnem
2414 3868 2581 3921 sancti
2612 3868 2870 3939 pr0positi
2900 3871 3297 3940 perseverantia
3333 3873 3533 3932 dilata-

1939 3963 2040 4011 tur.
2072 3955 2293 4010 Habetis
2329 3955 2595 4025 siquidem
2624 3956 2681 4010 in
2700 3958 2801 4012 hac
2828 3972 2888 4012 re
2914 3955 3203 4016 ﬁdissimos
3233 3961 3527 4036 adjutores,

1940 4052 1992 4100 et
2019 4044 2286 4116 benignos
2313 4043 2615 4099 devotionis
2642 4053 2833 4102 vestrae
2860 4046 3004 4116 apud
3047 4047 3340 4106 Dominum
3378 4068 3535 4110 com-

1941 4132 2298 4201 mendatores,
2330 4132 2629 4205 piissimum
2666 4133 2870 4190 scilicet
2894 4135 3104 4191 Patrem
3136 4147 3374 4196 nostrum
3402 4158 3537 4200 san-

1941 4228 2042 4275 ctae
2070 4222 2347 4277 memoriae
2385 4236 2605 4293 papam,
2655 4229 2708 4278 et
2742 4222 2959 4278 beatum
3239 4230 3534 4289 Lucensem

1942 4310 2275 4381 episcopum,
2308 4310 2399 4380 qui
2428 4310 2582 4379 sicut,
2630 4327 2752 4366 cum
2785 4313 2960 4369 adhuc
3004 4314 3266 4388 viverent,
3300 4319 3355 4374 in
3383 4322 3533 4379 omni

1942 4400 2140 4470 pietate
2167 4406 2221 4455 et
2241 4400 2448 4470 justitia
2476 4415 2574 4455 vos
2604 4400 2985 4471 instruxerunt,
3035 4403 3109 4460 ita
3138 4421 3280 4463 nunc
3323 4409 3396 4464 ab
3440 4411 3535 4470 illo

1942 4504 2157 4553 aeternae
2177 4496 2369 4566 quietis
2405 4497 2544 4565 sinu,
2577 4496 2632 4551 in
2661 4514 2768 4569 quo
2815 4514 2908 4554 eos
2934 4508 3178 4573 receptos
3215 4520 3331 4560 esse
3358 4506 3535 4563 eonﬁ-

236 4633 392 4690 ritate
439 4632 609 4699 ducis,
647 4630 942 4699 pluvialem
989 4630 1092 4684 sibi
1141 4630 1257 4698 ipse
1285 4628 1559 4700 imposuit,
1601 4625 1832 4683 Ostiensi
1860 4618 1914 4680 D
1944 4593 2140 4700 (Ῥίπηυὲ
2169 4593 2403 4700 -ωθήίίδ
2426 4595 2559 4700 ,διξίδ
2597 4603 2667 4700 ,εί
2720 4596 2987 4668 Pramus:
3037 4600 3309 4657 Chaﬁmis
3345 4613 3539 4700 vestrm

237 4736 293 4785 et
318 4727 475 4783 nobis
521 4726 834 4782 inconsultis
862 4734 916 4782 et
944 4741 1161 4798 prorsus
1204 4724 1595 4799 ignorantibus.
1644 4722 1740 4777 His
1766 4723 1841 4777 ita

236 4826 403 4900 gestis
430 4842 553 4880 cum
598 4823 859 4879 Ostiensis
907 4823 1193 4895 episcopus
1240 4823 1523 4878 nobiscum
1571 4820 1712 4876 bene
1741 4834 1841 4889 per

235 4922 420 4980 omnia
450 4920 783 4989 cucurrisset,
808 4928 866 4976 ut
893 4919 1028 4976 vidit
1055 4919 1201 4990 quod
1231 4920 1399 4974 abbas
1420 4935 1517 4990 per
1544 4917 1838 4990 potentiam

235 5019 493 5093 principis
547 5017 767 5074 Jordani
815 5018 884 5072 ad
912 5017 1335 5074 consecrandum
1381 5031 1439 5072 se
1486 5017 1713 5072 Romam
1761 5016 1839 5071 ire

234 5122 566 5187 intendebat,
598 5121 793 5176 timens
825 5120 961 5176 forte
988 5137 1056 5174 ne
1085 5119 1166 5174 sui
1204 5118 1466 5191 dignitate
1495 5118 1834 5191 privaretur,

235 5222 282 5278 si
312 5220 381 5277 ab
412 5221 518 5276 alio
550 5220 724 5291 prima
752 5236 944 5274 manus
972 5217 1303 5274 consecratio
1352 5216 1402 5272 ei
1448 5217 1835 5287 imponeretur,

238 5334 528 5375 conversus
571 5325 653 5373 est
702 5318 759 5371 in
814 5317 902 5372 die
956 5316 1086 5372 belli
1127 5330 1141 5386 ;
1213 5323 1267 5371 et
1321 5315 1611 5371 immemor
1668 5315 1840 5371 factus

242 5417 503 5490 propositi
560 5424 612 5473 et
667 5416 822 5472 factae
882 5416 1040 5471 nobis
1101 5413 1423 5485 sponsionis,
1465 5413 1610 5483 quod
1660 5413 1842 5470 dicere

240 5519 424 5595 pudet,
463 5537 587 5576 cum
625 5519 821 5576 abbate
876 5536 1068 5590 pacem
1125 5518 1347 5589 faciens,
1387 5517 1748 5576 reverentiam
1787 5517 1839 5577 ei

246 5634 345 5691 per
363 5617 547 5673 omnia
575 5617 712 5672 sicut
751 5632 910 5688 papa:
948 5615 1221 5689 persolvit.
1265 5614 1506 5686 Qualiter
1544 5623 1723 5672 autem
1756 5616 1843 5673 Vel

241 5714 514 5786 quomodo
546 5713 773 5769 Romam
804 5714 879 5769 ire
910 5713 1178 5784 disponat,
1212 5714 1467 5786 quoniam
1496 5712 1842 5786 praesentium

241 5811 399 5880 lator,
419 5809 779 5882 etperegrini,
805 5810 1065 5881 quidquid
1091 5819 1375 5883 postquam
1406 5829 1438 5868 a
1471 5811 1626 5867 nobis
1660 5826 1843 5866 reces-

241 5916 425 5980 serunt
450 5924 549 5986 per
576 5907 817 5981 Capuam
859 5916 1194 5967 transeuntes
1220 5910 1287 5967 de
1319 5909 1629 5982 hujusmodi
1666 5924 1843 5983 appa-

1947 4698 2112 4754 opera
2157 4682 2632 4752 commendabunt,
2691 4700 2755 4740 ac
2809 4700 3050 4741 amorem
3101 4699 3376 4760 perpetuae
3411 4696 3538 4754 vitae

1947 4787 2054 4841 quo
2081 4771 2421 4827 inetlabiliter
2458 4773 2736 4842 satiantur,
2785 4773 3088 4831 devotionis
3123 4785 3316 4836 vestrae
3358 4783 3540 4842 visae.

1944 4866 2093 4921 ribus
2142 4866 2502 4938 inspirabunt.
2576 4868 2777 4923 Eorum
2843 4869 3041 4941 itaque,
3068 4876 3380 4944 patrociniis
3434 4879 3540 4937 ad-

1939 4963 2059 5033 juta
2087 4963 2142 5018 in
2182 4965 2512 5021 consulendo
2563 4966 2823 5023 Romana:
2862 4965 3115 5026 Ecclesiae
3161 4973 3285 5029 totis
3338 4976 3543 5036 viribus

1945 5053 2291 5125 accingimini
2322 5095 2338 5123 ,
2404 5070 2750 5125 summopere
2813 5057 3189 5130 providentes,
3254 5071 3314 5118 ut
3378 5066 3538 5124 talem

1945 5142 2020 5198 ibi
2040 5158 2326 5215 personam
2374 5143 2503 5215 eligi
2533 5144 2895 5215 consentiatis,
2940 5145 3001 5201 in
3053 5164 3160 5218 qua
3213 5153 3382 5223 possit
3426 5170 3543 5215 esse

1947 5247 2000 5296 et
2039 5247 2305 5296 tantorum
2371 5240 2618 5296 laborum
2682 5240 2826 5313 ﬁnis,
2893 5250 2946 5298 et
3008 5247 3309 5305 animarum
3356 5254 3538 5327 salus,

1945 5329 2285 5386 inimicorum
2309 5329 2574 5401 confusio,
2607 5338 2660 5387 et
2686 5332 2997 5402 apostolicae
3040 5340 3309 5410 reparatio
3355 5342 3543 5417 digni-

1948 5420 2088 5476 tatis.

2019 5518 2086 5573 Et
2137 5533 2237 5575 nos
2274 5516 2493 5588 quidem
2530 5515 2654 5575 licet
2707 5517 2774 5575 de
2810 5522 3215 5593 recuperatione
3270 5527 3547 5593 electiOnis

1949 5613 2135 5672 domni
2183 5614 2395 5672 abbatis
2449 5616 2648 5673 montis
2684 5615 2864 5674 Casini
2900 5635 2933 5675 a
2969 5621 3289 5693 quibusdam
3345 5637 3545 5691 sancta:

1950 5713 2203 5769 Ecclesiae
2231 5714 2389 5769 Rom.
2420 5711 2687 5787 episcopis
2733 5723 2787 5771 et
2831 5717 3193 5779 cardinalibus
3220 5726 3546 5799 presbyteris

1952 5809 2376 5879 dissenserimus,
2452 5811 2593 5867 unde
2648 5812 2920 5885 aliquibus
2974 5814 3187 5875 illorum
3242 5837 3338 5878 cur
3388 5824 3547 5884 nobis

1955 5908 2111 5964 aliter
2138 5907 2427 5979 videretur,
2460 5909 2622 5967 etiam
2652 5911 2796 5986 apud
2825 5912 3066 5989 Capuam
3088 5917 3271 5989 palam
3305 5920 3543 5983 ratione.
