3882 6436
464 429 568 484 515

1406 427 1727 485 HUGONIS
1763 429 2262 492 LUGDUNENSIS
2300 432 2830 502 ARCHIEPISCOPI

3669 466 3772 522 516

453 549 824 607 reddidimus:
883 559 1062 607 tamen
1091 553 1225 607 scire
1274 567 1371 607 vos
1427 553 1675 608 volumus
1729 555 1798 610 ab
1853 557 2058 613 unitate
2087 561 2142 621 Α
2175 560 2425 618 Ecclesiae
2455 567 2712 626 Romanae
2760 571 2900 642 ﬁliis,
2945 585 2996 632 et
3033 580 3391 640 cardinalibus
3425 589 3768 660 presbyteris,

454 666 662 722 eorum,

448 1034 567 1091 licia
620 1033 764 1090 sedis
827 1034 1178 1106 profectibus,
1221 1035 1398 1090 modis
1455 1035 1708 1091 omnibus
1763 1036 2052 1096 deservire.

741 667 846 722 qua
901 652 958 706 in
1011 667 1236 722 corpore
1291 657 1490 708 sanctas
1541 653 1764 709 Eclesiae
1823 654 1890 709 ad
1940 673 2058 710 ser-

457 749 715 805 viendum
764 749 925 804 beato
981 751 1142 804 Petro
1199 750 1382 806 divina
1439 750 1756 822 dignatione
1794 758 2060 824 compecti

452 864 656 917 sumus,
699 864 798 903 nec
826 847 1148 913 discessisse,
1183 865 1282 902 nec
1313 848 1366 902 in
1412 857 1756 918 perpetuum,
1808 851 1920 906 Deo
1950 851 2060 906 mi-

449 951 680 1014 serante,
704 945 1050 1011 discessuros,
1080 945 1192 1001 imo
1236 945 1436 1002 habere
1476 947 1812 1018 prepositum
1843 958 2060 1020 aposto'

2171 650 2404 707 celeritei
2443 655 2602 729 dirigi
2625 658 2852 717 faciatis.
2885 664 2966 720 De
3011 677 3203 726 cmtero
3245 650 3498 730 dilectum
3546 650 3766 736 fratrem

2170 747 2408 796 nostrum
2437 744 2694 802 domnum
2725 750 3016 824 Rotgerum
3055 768 3252 816 sanctae
3280 763 3535 821 Ecclesia
3559 776 3766 837 aposto-

2169 827 2288 885 licae
2315 831 2458 887 sedis
2484 835 2810 894 cardinalem
2849 842 3258 918 subdiaconum,
3308 853 3396 922 qui
3429 853 3482 908 in
3513 857 3760 928 proximo

2168 917 2398 974 Romam
2428 937 2527 993 per
2553 940 2650 981 vos
2693 929 2761 982 ad
2790 930 3072 990 utilitatem
3110 917 3603 1002 sancta-Ecclesiae
3623 962 3757 1002 ven-

2167 1013 2343 1063 turum
2371 1025 2428 1066 se
2457 1011 2604 1080 dicit,
2665 1017 2930 1076 nobilitati
2977 1031 3169 1082 vestrm
3213 1027 3348 1084 sicut
3401 1036 3754 1092 necessarium

450 1122 718 1180 Preterea
755 1099 1098 1179 notiﬁcamus
1126 1099 1468 1180 unanimitati
1497 1133 1690 1182 vestrae
1719 1141 1751 1180 a
1779 1127 2058 1183 monachis
2162 1099 2624 1190 commendamus:
2657 1115 2912 1178 rogantes
2957 1121 3015 1168 ιιι
3056 1114 3111 1169 in
3149 1118 3432 1190 conducta,
3465 1130 3519 1178 el
3546 1123 3601 1179 in
3653 1139 3753 1182 cae-

445 1212 884 1268 Cluniacensibus
929 1213 1088 1268 nobis
1138 1220 1313 1268 tantas
1360 1214 1827 1285 supergressiones
1881 1224 1936 1271 et
1960 1217 2052 1271 in-

439 1299 612 1371 jurias
639 1300 846 1371 inferri,
869 1307 928 1356 ut
952 1302 1098 1356 nullo
1128 1302 1292 1357 modo
1323 1319 1415 1357 eas
1469 1303 1844 1373 mquanimiter
1885 1305 2049 1360 susti-

445 1405 574 1445 nere
603 1390 896 1446 valeamus.
933 1391 1000 1445 Et
1026 1390 1246 1460 quidem
1275 1407 1417 1447 anno
1447 1393 1736 1463 printerito,
1761 1401 2048 1463 antequam

446 1479 673 1534 Romam
702 1477 1063 1544 tenderemus,
1116 1488 1453 1551 compertum
1503 1480 1658 1535 nobis
1705 1481 1897 1552 fuerat,
1942 1483 2047 1538 ab-

443 1565 623 1622 batem
699 1567 754 1622 in
807 1574 990 1622 sancta
1037 1568 1334 1624 Parasceve
1383 1569 1680 1624 orationem
1729 1587 1891 1640 quam
1947 1587 2046 1642 pro

437 1655 762 1728 imperatore
800 1655 978 1710 facere
1023 1665 1395 1722 consueverat,
1444 1673 1565 1727 quae
1611 1675 1754 1714 nunc
1781 1676 1895 1730 prie
1941 1677 2043 1715 ex-

439 1744 926 1802 communicatione
984 1752 1035 1799 et
1089 1744 1425 1814 depositione
1473 1747 1687 1802 Henrici
1733 1764 1764 1802 a
1821 1749 2042 1805 domino

434 1849 582 1905 papa
623 1833 890 1906 Gregorio
935 1831 1094 1902 facta,
1147 1833 1459 1904 interposita
1505 1843 1602 1901 est,
1647 1835 1863 1904 publice
1891 1837 2038 1893 cele-

434 1921 638 1990 brasse,
670 1922 738 1978 de
775 1937 882 1992 quo
911 1938 1034 1977 cum
1064 1923 1315 1978 eumdem
1357 1924 1424 1978 ad
1455 1925 1720 1979 rationem
1764 1927 2038 1998 posuisse-
2067 1920 2122 1981 Β

433 2037 574 2090 mus,
642 2020 972 2076 conscientia
1029 2021 1340 2076 debilitatus
1391 2023 1670 2094 respondit
1741 2025 2039 2081 orationem

430 2116 581 2172 illam
611 2133 709 2190 pro
730 2117 1056 2189 imperatore
1091 2117 1332 2188 quolibet
1357 2135 1416 2174 se
1445 2119 1664 2174 dixisse.
1697 2120 1940 2192 Cumque
1970 2138 2037 2176 ex

432 2206 831 2264 circumstantia
862 2207 1032 2278 ipsius
1061 2207 1319 2263 orationis
1338 2207 1407 2262 ad
1438 2208 1740 2266 Romanum
1765 2226 1886 2265 eam
1916 2227 2038 2282 spe-

429 2295 638 2352 cialiter
661 2295 930 2366 pertinere
971 2295 1258 2364 imperium
1297 2313 1762 2368 prosequeremur,
1813 2299 1940 2370 quia
1967 2316 2034 2356 ex

431 2384 744 2458 apostolicae
785 2384 930 2440 sedis
962 2383 1170 2454 judicio
1213 2401 1354 2440 nunc
1393 2395 1624 2453 vacaret,
1667 2387 1889 2443 veritate
1927 2405 2030 2461 op-

415 2489 646 2546 pressus
705 2473 981 2543 conticuit,
1027 2489 1204 2544 neque
1250 2481 1430 2530 tamen
1489 2475 1674 2530 debita
1719 2477 2033 2548 paenitentia

427 2583 670 2628 errorem
695 2569 971 2642 cognittun
1001 2570 1328 2626 emendavit.
1361 2572 1488 2626 Post
1517 2572 1749 2627 reditum
1778 2590 1906 2631 vero
1935 2591 2032 2631 no-

428 2665 619 2725 strum,
643 2674 767 2713 cum
797 2656 1068 2714 effrenatae
1097 2658 1362 2714 invasioni
1392 2663 1780 2717 monachorum
1809 2679 2028 2719 suorum

426 2747 674 2803 resistere
703 2762 1042 2815 conaremur,
1075 2747 1278 2818 objecit
1318 2748 1476 2804 nobis
1514 2751 1773 2820 quasdam
1803 2753 2024 2824 litteras,

427 2851 562 2908 quas
589 2835 839 2892 diceebat
865 2852 897 2892 a
923 2853 1068 2909 papa
1096 2837 1316 2893 Urbano
1345 2838 1446 2892 sibi
1465 2837 1713 2906 directas,
1745 2840 1802 2895 in
1832 2842 2026 2912 quibus

422 2925 798 2982 continebatur
825 2933 900 2995 ut,
933 2933 1041 2982 tam
1083 2927 1198 2997 ipse
1243 2943 1404 2997 quam
1443 2929 1611 2984 sancti
1654 2929 1845 2986 fratres
1881 2931 1962 2986 sui
1991 2949 2024 2988 a

423 3015 805 3072 communione
832 3022 1030 3086 nostra,
1069 3022 1124 3070 et
1151 3015 1365 3071 Ricardi
1385 3017 1734 3073 Massiliensis
1753 3019 2020 3076 abstinere

421 3122 686 3176 curarent.
716 3121 777 3170 ut
819 3113 918 3169 sub
955 3115 1310 3184 praetentione
1349 3115 1644 3172 litterarum
1689 3126 1899 3175 nostras
1939 3120 2021 3176 in-

413 3203 586 3276 jurias
627 3203 902 3260 retineret.
966 3203 1102 3272 Qua:
1155 3204 1347 3260 littera)
1409 3213 1596 3262 contra
1663 3208 2018 3278 apostolicum

2162 1185 2306 1280 teris,
2339 1187 2394 1242 in
2425 1191 2634 1286 quibus
2653 1193 3005 1286 benignitatis
3031 1211 3224 1261 vestrae
3247 1185 3470 1266 consilio
3498 1211 3751 1286 indigue-

2157 1269 2244 1336 rit,
2279 1287 2378 1343 pro
2406 1277 2583 1347 gratia
2617 1278 2761 1334 beati
2793 1283 2932 1338 Petri
2961 1293 3016 1341 et
3042 1297 3222 1345 nostra
3260 1293 3587 1352 subveniatis
3600 1269 3750 1369 :Uquo

2155 1359 2424 1459 referente
2449 1365 2516 1420 de
2545 1367 2630 1422 his
2656 1385 2778 1440 quae
2797 1371 2940 1429 circa
2981 1389 3080 1432 nos
3124 1387 3246 1434 sunt
3290 1381 3499 1452 plenius
3550 1359 3752 1459 cogno-

2155 1449 2314 1505 scetis
2325 1491 2340 1506 .

2915 1561 2986 1617 X.

2152 1645 2382 1704 Litterae
2407 1647 2658 1723 Hugonis
2693 1654 3104 1734 archiepiscopi
3130 1665 3518 1738 Lugdunensis
3533 1672 3609 1728 ad
3645 1674 3748 1732 Hu-

2220 1756 2422 1812 gonem
2438 1745 2922 1822 archiepiscopum
2941 1753 3310 1816 Bisuntinum
3323 1777 3425 1834 pro
3452 1765 3745 1824 monachis

2219 1831 2275 1885 S.
2300 1831 2544 1904 Benigm'
2559 1837 2935 1898 Divionensis.

2684 1937 2862 2003 (Circa
2891 1955 2979 1996 an.
3015 1945 3198 2015 1088.)

2425 2020 2644 2112 [Panum
2675 2025 2909 2084 Miscell.
2941 2029 3028 2085 ed.
3060 2033 3188 2088 Luc.
3221 2037 3316 2105 III,
3348 2037 3459 2112 56.]

2215 2105 2396 2176 Hueo,
2442 2108 2541 2200 Dei
2578 2113 2755 2184 gratia
2801 2116 3175 2190 Lugdunensis
3230 2105 3481 2184 Ecclesiae
3511 2145 3736 2200 servus,

2143 2193 2338 2250 dilecto
2364 2196 2418 2251 in
2449 2199 2658 2257 Christo
2712 2203 2862 2260 fratri
2907 2209 3130 2266 HUGONI
3155 2215 3450 2270 venerabili
3495 2193 3737 2275 Bisunti;

2140 2299 2332 2338 norum
2363 2288 2786 2364 archiepiscopo,
2816 2295 3061 2353 salutem.

2211 2372 2589 2446 Signiﬁeamus
2635 2379 2908 2439 dilectioni
2955 2396 3145 2446 vestra;
3199 2389 3478 2449 dominum
3530 2411 3729 2470 papam

2138 2477 2310 2533 nuper
2346 2465 2504 2520 nobis
2535 2467 2738 2525 litteras
2802 2472 3063 2533 direxisse
3115 2478 3170 2533 in
3225 2481 3417 2551 quibus
3456 2465 3575 2556 post
3603 2465 3729 2544 alia

2137 2551 2383 2621 quaedam
2406 2555 2564 2611 nobis
2591 2569 2924 2631 praeceptum
2952 2573 3031 2622 est
3079 2574 3135 2622 ut
3179 2585 3276 2626 vos
3321 2551 3726 2632 conveniremus

2135 2646 2190 2694 et
2216 2644 2528 2701 auctoritate
2572 2663 2668 2703 sua
2714 2666 3184 2712 commoneremus
3229 2667 3490 2730 quatenus
3543 2664 3724 2721 abbati

2133 2721 2452 2782 Divionensi
2483 2731 2765 2788 ecclesiam
2811 2735 3022 2794 Sanctae
3078 2721 3263 2798 Mariae
3289 2744 3354 2799 de
3384 2745 3566 2802 Salina
3591 2749 3720 2804 red-

2131 2812 2346 2870 deretis.
2379 2817 2556 2888 Super
2573 2835 2678 2891 qua
2708 2826 3062 2898 querimonia,
3103 2839 3261 2902 prout
3309 2835 3715 2909 reminiscimur,

2129 2916 2436 2969 antecessor
2461 2922 2638 2970 vester
2663 2934 2809 2987 saepe
2831 2936 2864 2974 a
2891 2921 3049 2978 nobis
3060 2924 3127 2978 ad
3149 2925 3410 2994 justitiam
3429 2944 3726 3001 exsequen-

2129 2997 2253 3054 dam
2284 3016 2404 3056 eam
2424 3003 2684 3072 praedicto
2705 3007 2905 3066 abbate
2931 3020 3150 3068 vocatus
3170 3013 3286 3083 fuit,
3316 3025 3366 3072 et
3393 3017 3460 3073 ad
3477 2997 3721 3076 ultimum

2128 3087 2196 3142 ad
2226 3089 2504 3147 Meldense
2535 3095 2822 3152 concilium
2863 3097 3150 3168 invitatus;
3197 3121 3230 3159 a
3275 3121 3381 3176 quo
3427 3123 3548 3162 cum
3577 3110 3724 3166 nulla

2128 3185 2386 3234 exxstente
2416 3183 2676 3239 canonica
2731 3188 3075 3246 excusatione
3131 3209 3188 3248 se
3235 3193 3599 3265 absentasset,
3652 3199 3723 3254 ab

415 3266 767 3358 ξηοάεηωθη
795 3308 849 3357 ει
874 3266 1198 3374 εταξίωιθω
1244 3303 1477 3360 condita
1523 3266 1808 3361 manifésla
1855 3323 2016 3362 mem
2048 3285 2098 3348 α
2126 3266 2318 3322 eodem
2369 3271 2598 3328 concilio
2621 3272 2922 3343 judicatum
2945 3279 3284 3338 estabbatem
3308 3283 3728 3344 indeinvestien~

417 3391 574 3448 dacis
605 3389 976 3448 continebant.
1025 3393 1073 3446 Δ
1113 3399 1358 3462 tempore
1405 3393 1551 3448 enim
1589 3394 1867 3450 electionis
1895 3413 2016 3466 quae

414 3481 482 3536 de
511 3481 709 3538 abbate
747 3480 1043 3536 Casimensi
1085 3481 1229 3536 facta
1264 3489 1362 3551 est,
1394 3499 1566 3552 usque
1591 3483 1662 3538 ad
1689 3493 2014 3541 conventum

415 3573 615 3642 Capuae
655 3569 921 3638 habitum,
966 3570 1163 3642 integri
1209 3571 1336 3626 anni
1377 3573 1609 3642 spatium
1656 3581 2016 3644 protestantur

411 3667 680 3727 exactum,
733 3675 857 3714 cum
907 3674 1095 3714 verum
1141 3659 1210 3714 sit
1257 3659 1316 3714 in
1365 3676 1431 3716 eo
1482 3662 1656 3732 spatio
1712 3663 2014 3720 nullatenus

411 3761 614 3803 annum
651 3745 921 3816 integrum
967 3744 1260 3801 evolutum.
1305 3745 1450 3830 Inter
1479 3747 1586 3802 alia
1623 3753 1802 3802 autem
1845 3765 2010 3804 unum

409 3839 878 3912 impudentissime
943 3839 1293 3910 mentiuntur,
1360 3841 1488 3912 quia
1543 3859 1576 3898 a
1629 3845 2010 3901 communione

406 3931 666 3988 Romane
706 3928 961 3986 Ecclesiae
1013 3945 1110 3984 nos
1155 3937 1346 4002 sponte
1389 3939 1588 4000 nostra,
1639 3933 2006 4006 sejunximus;

405 4036 529 4076 cum
568 4020 714 4075 testis
749 4017 908 4074 nobis
942 4018 1011 4074 sit
1056 4019 1385 4075 conscientia
1423 4029 1622 4088 nostra,
1669 4029 1722 4078 et
1757 4024 2004 4106 charitas,

406 4134 513 4190 qua
539 4118 598 4172 in
625 4117 860 4173 Domino
888 4116 1224 4186 copulamur,
1257 4133 1356 4174 nos
1382 4135 1492 4175 non
1533 4120 1712 4176 solum
1751 4137 2003 4178 commu-

403 4208 624 4263 nionem
653 4221 841 4262 eorum
869 4221 980 4260 non
1009 4205 1256 4276 evitasse,
1306 4207 1401 4262 sed
1451 4209 1704 4264 omnibus
1729 4211 1833 4266 hoc
1885 4227 2008 4280 per-

372 4295 754 4363 suadentibus
795 4293 1070 4350 restitisse.
1127 4295 1380 4352 Adhibita
1419 4314 1552 4370 ergo
1599 4297 1758 4355 nobis
1794 4300 2006 4357 confra-

403 4393 546 4441 trum
584 4391 638 4439 et
681 4383 1125 4454 coepiscoporum
1174 4393 1482 4441 nostrorum
1531 4388 1776 4450 consilio.
1827 4397 1882 4444 et
1906 4407 2006 4460 per

402 4485 590 4528 eorum
616 4485 839 4524 manum
867 4467 1006 4524 inter
1047 4484 1146 4524 nos
1175 4477 1228 4524 et
1257 4470 1511 4526 abbatem
1564 4473 1834 4544 colloquio
1863 4491 2001 4530 con-

397 4571 602 4638 stituto,
633 4585 756 4624 cum
786 4567 1110 4641 intelligeret
1147 4586 1248 4625 nos
1287 4570 1442 4626 aliter
1485 4587 1608 4626 cum
1656 4573 1750 4629 illo
1781 4590 2003 4632 concor-

396 4661 546 4718 diam
575 4674 684 4715 non
739 4657 1034 4725 habituros,
1093 4659 1196 4714 nisi
1253 4659 1412 4732 culpa
1452 4662 1670 4734 cognita
1716 4665 2000 4735 praefatam
2028 4652 2082 4715 D

396 4757 696 4816 orationem
725 4755 1112 4825 interponeret,
1156 4755 1424 4826 judicium
1480 4758 1760 4816 nobiscum
1815 4763 2000 4820 subire

389 4854 672 4928 pratensis
697 4853 880 4909 multis
907 4853 1279 4910 occasionibus
1305 4854 1592 4926 recusavit,
1608 4858 1992 4930 episcoporum

393 4962 572 5012 tamen
603 4953 693 5024 qui
721 4951 948 5008 aderant
981 4951 1170 5008 studiis
1215 4951 1487 5008 discordia
1528 4961 1710 5010 nostra
1755 4957 1996 5028 aliquan-

391 5052 562 5112 tulum
590 5050 901 5110 modiﬁcata
928 5058 1026 5121 est,
1059 5057 1113 5107 et
1138 5067 1236 5123 per
1275 5050 1520 5110 inducias
1556 5070 1726 5126 usque
1765 5055 1836 5112 ad
1862 5073 1997 5128 prea-

387 5151 600 5210 ﬁnitum
629 5150 920 5208 terminum
947 5148 1216 5222 mitigata.

455 5282 587 5340 Hec
621 5280 690 5337 de
725 5281 811 5336 his
847 5294 968 5350 qua:
1003 5279 1148 5335 circa
1197 5293 1298 5336 nos
1345 5283 1470 5336 sunt
1517 5280 1761 5339 eharitati
1799 5289 1992 5340 vestrae

386 5379 944 5446 communicavimus,
1009 5375 1244 5436 invicem
1292 5381 1624 5450 postulantes
1670 5388 1728 5438 ut
1768 5382 1812 5437 si
1860 5381 1990 5454 quid

385 5471 542 5530 vobis
567 5471 636 5528 de
663 5470 882 5528 servitio
911 5469 1228 5524 humilitatis
1282 5478 1481 5527 nostrae
1537 5471 1816 5544 placuerit,
1872 5473 1988 5529 sine

381 5567 718 5626 haesitatione
746 5566 903 5624 nobis
929 5568 1032 5622 hoc
1065 5582 1412 5640 summopere
1459 5569 1801 5641 cupientibus
1858 5573 1989 5626 assi-

382 5659 577 5728 gnetis.
633 5655 692 5712 Si
747 5670 880 5712 vero
943 5655 1288 5726 praesentium
1351 5657 1698 5728 portitoribus
1753 5659 1984 5716 Romam

387 5753 549 5808 eundi
597 5753 806 5809 occasio
865 5759 956 5807 aut
1013 5751 1236 5808 facultas
1273 5753 1522 5825 defuerit,
1554 5755 1622 5811 de
1648 5757 1983 5830 benignitate

385 5859 563 5906 vestra
610 5850 901 5922 plurimum
956 5847 1305 5918 conﬁdentes,
1361 5867 1620 5923 rogamus
1674 5863 1732 5910 ut
1781 5855 1984 5912 litteras

385 5961 517 6018 quas
546 5939 650 6002 illis
680 5945 1027 6019 perferendas
1045 5947 1432 6020 commisimus,
1465 5951 1734 6022 episcOpis
1781 5962 1982 6011 sanctas

2123 3365 2251 3420 dum
2266 3369 2648 3426 autecclesiam
2673 3371 2856 3430 divino
2880 3375 3056 3434 ofﬁcio
3075 3396 3238 3450 usque
3259 3381 3326 3436 ad
3338 3383 3552 3454 plenam
3565 3385 3725 3455 justi-

2125 3453 2252 3510 tiam
2281 3471 2396 3512 esse
2417 3457 2758 3529 privandam.
2789 3464 3020 3521 Proinde
3039 3453 3722 3546 praescriptaiprzeceptione

2121 3545 2391 3601 constricti
2419 3548 2762 3606 dilectionem
2811 3563 3043 3611 vestram
3075 3561 3368 3630 apostolica
3406 3545 3717 3621 auctOritate

2119 3649 2528 3692 commonemus
2553 3646 2630 3709 ut,
2663 3643 2955 3698 secundum
2987 3645 3130 3717 quod
3155 3649 3542 3708 rationabiliter
3564 3669 3715 3724 prai-

2120 3731 2246 3787 dieti
2273 3735 2486 3790 concilii
2509 3737 2718 3807 judicio
2747 3742 3023 3812 provisum
3051 3752 3148 3815 est,
3180 3746 3431 3804 abbatem
3461 3749 3526 3806 de
3565 3768 3713 3823 prae-

2118 3819 2262 3878 dicta
2290 3825 2518 3880 ecclesia
2554 3826 2876 3884 investiatis.~
2919 3831 3374 3905 Quod'quantum
3415 3819 3713 3909 prudentiae

2117 3918 2310 3966 vestrae
2355 3915 2718 4002 satagendum
2747 3917 2827 3972 'sit
2869 3936 2936 3975 ex
2975 3923 3239 3980 sententia
3282 3926 3486 3982 domini
3530 3944 3709 4002 papae,

2117 4023 2280 4078 quam
2309 4024 2408 4079 per
2436 4012 2626 4066 eadem
2656 3997 2823 4071 verba
2851 4017 2940 4072 hic
2967 4018 3314 4093 subjecimus,
3337 3997 3576 4096 poteritis
3601 3997 3711 4084 eo;

2114 4113 2393 4170 gnoseere,
2429 4100 2624 4171 quibus
2643 4103 2716 4158 ita
2746 4103 2903 4160 nobis
2931 4107 3132 4164 scribit.

2185 4187 2450 4244 Praeterea
2474 4191 2820 4264 praecipimus
2845 4197 3140 4254 strenuitati
3185 4206 3290 4256 tum
3329 4209 3388 4258 ut
3431 4219 3502 4259 ex
3530 4212 3712 4264 nostra

2113 4283 2263 4346 parte
2291 4276 2623 4334 Bisuntinum
2671 4283 2960 4340 antistitem
2999 4289 3288 4344 convenias
3317 4297 3369 4346 et
3394 4293 3708 4368 Divionensi

2112 4363 2294 4420 abbati
2325 4368 2609 4424 ecclesiam
2637 4369 2848 4428 Sanctae
2886 4375 3070 4432 Mariis
3122 4377 3189 4433 de
3246 4379 3429 4436 Salina
3481 4363 3705 4441 reddere

2110 4455 2425 4512 auctoritate
2453 4463 2634 4514 nostra
2681 4475 3050 4532 commoneas,
3109 4465 3326 4538 insuper
3379 4477 3431 4525 et
3475 4470 3703 4528 fruct-um

2109 4553 2435 4624 praediorum
2464 4573 2626 4628 quem
2654 4559 2968 4618 retentionis
2987 4570 3227 4637 tempore
3255 4576 3590 4640 usurparunt.

2105 4785 2338 4844 Litterae
2357 4788 2606 4860 ejusdem
2629 4792 2875 4864 Hugonis
2895 4795 2968 4852 ad
3000 4796 3352 4857 Lambertum
3383 4802 3700 4878 episcopum

2147 4876 2615 4951 Atrebatensem,
2638 4881 2838 4954 quibus
2865 4900 2996 4942 eum
3033 4888 3244 4946 invitat
3279 4891 3352 4947 ad
3386 4876 3691 4952 concilium

2171 4964 2717 5038 Augustoduneme.

2723 5063 2878 5120 Anno
2911 5066 3096 5138 1094.)

2666 5147 2921 5223 ’[ΒΑιυι.,
2942 5153 3117 5227 ibid.)

2170 5233 2330 5290 Huco
2357 5235 2732 5308 Lugdunensis
2759 5243 3212 5317 archiepiscopus,
3232 5248 3536 5320 apestolicaa
3549 5250 3695 5309 sedis

2097 5322 2328 5396 legatus,
2355 5326 2652 5384 venerabili
2676 5329 2733 5384 in
2759 5331 2973 5390 Christo
3021 5334 3171 5393 fratri
3209 5337 3504 5396 hurane
3529 5343 3690 5399 Atre-

2095 5411 2304 5469 batensi
2323 5414 2604 5488 episcopo,
2633 5419 2882 5476 salutem.

2062 5533 2070 5541 ’
2165 5501 2331 5559 Novit
2358 5505 2709 5564 fraternitatis
2738 5519 2931 5568 vestrae
2980 5511 3197 5574 dilectio
3239 5534 3400 5591 quam
3439 5521 3693 5592 frequen-

2097 5589 2237 5646 tibus
2265 5593 2450 5648 domni
2498 5613 2656 5670 papae
2711 5599 2912 5656 Urbani
2966 5603 3154 5660 litteris
3210 5589 3278 5664 de
3306 5589 3689 5666 convocanda-

2093 5680 2151 5735 in
2205 5681 2383 5738 Gallia
2438 5685 2644 5758 synodo
2701 5688 2804 5744 sim
2859 5694 3224 5752 commonitus
3279 5705 3332 5754 et
3383 5697 3690 5757 obedientia

2091 5771 2390 5840 adstrictus,
2463 5781 2514 5829 et
2583 5777 2728 5846 quod
2793 5777 2994 5838 diutius
3049 5799 3186 5841 onus
3238 5785 3369 5843 illud
3420 5788 3689 5862 suscipere

2089 5862 2472 5917 recusaverim.
2541 5861 2681 5934 Quia
2745 5881 2874 5924 vero
2931 5869 3152 5928 ulterius
3219 5891 3518 5950 repugnare
3572 5861 3689 5935 nec

2087 5959 2236 6015 volui
2291 5977 2390 6018 nec
2445 5961 2629 6034 debui,
2661 5967 2881 6023 tandem
2931 5972 3158 6030 consilio
3214 5974 3399 6032 domui
3436 5974 3684 6032 abbatis—
