3882 6466
234 455 342 512 517

1414 445 1766 507 EPISTOLIE
1802 445 1895 506 ET
1928 442 2348 506 PRIVILEGIA.

3425 450 3529 512 6l8

237 579 605 637 Cluniacensis
690 586 744 636 et
809 577 1187 650 religiosorum
1253 575 1491 631 virorum
1549 575 1832 647 episcopo-
1860 577 1918 638 A
1947 573 2170 646 dignum
2196 573 2572 642 judicavimus,
2629 577 2858 645 qualiter
2881 592 2949 631 ex
3004 584 3274 648 praecepto
3327 576 3534 635 domini

235 684 358 723 rum
387 676 551 739 atque
579 667 839 723 abbatum
870 666 1015 736 apud
1034 664 1482 737 Augustodunum
1512 664 1639 719 Idus
1668 664 1837 720 Octo-

236 758 351 813 bris
401 756 694 812 concilium
747 755 1058 811 habendum
1114 753 1524 824 designavimus
1554 767 1568 822 ;
1600 753 1670 808 ad
1693 751 1838 822 quod

238 847 581 902 dilectionem
611 852 848 901 vestram
878 843 1174 914 apostolica
1195 842 1510 898 auctoritate
1528 841 1834 898 invitemus.

234 936 312 991 Et
336 934 585 1005 quamvis
609 934 892 989 credamus
919 947 1018 988 vos
1036 946 1145 986 non
1176 931 1429 1003 ignorare
1448 930 1578 999 quid
1605 931 1674 985 de
1702 931 1838 984 cha—

240 1023 454 1078 rissimo
484 1023 646 1077 fratre
674 1029 857 1077 nostro
912 1019 1164 1075 Remensi
1193 1018 1602 1089 archiepiscopo
1658 1019 1744 1073 vel
1771 1018 1840 1072 de

243 1112 529 1185 privilegio
572 1111 718 1181 quod
773 1110 844 1166 ab
881 1109 1154 1179 apmolica
1192 1108 1319 1163 sede
1365 1108 1575 1176 accepit
1610 1106 1842 1162 domnus

243 1216 389 1271 papa
414 1200 573 1255 nobis
599 1199 956 1263 mandaverit,
990 1198 1108 1269 ipsa
1131 1205 1309 1252 tamen
1337 1196 1458 1265 ejus
1478 1196 1676 1265 scripta
1687 1193 1844 1249 vobis

243 1288 558 1357 direximus,
614 1288 809 1358 quibus
852 1302 952 1341 nos
1005 1286 1075 1341 de
1129 1286 1215 1341 his
1258 1293 1379 1356 post
1416 1285 1597 1354 aliqua
1643 1284 1697 1338 in
1727 1286 1843 1339 hac

244 1378 580 1433 commonuit
606 1376 774 1431 verba
806 1395 820 1431 :
856 1398 879 1424 ι
915 1376 984 1430 Et
1016 1390 1116 1429 nos
1144 1373 1396 1429 Remensi
1415 1373 1674 1428 Ecclesia
1693 1371 1846 1426 debi-

247 1473 359 1521 tam
405 1465 761 1522 reverentiam
818 1470 1197 1519 conservantes
1248 1462 1305 1515 in
1357 1461 1644 1533 privilegio
1700 1459 1845 1529 quod

250 1554 507 1610 confratri
527 1562 709 1609 nostro
741 1552 1003 1609 Rainaldo
1059 1551 1464 1621 archiepiscopo
1520 1549 1767 1604 dedimus
1793 1556 1848 1603 et

249 1644 530 1698 statuimus
559 1658 625 1697 ne
666 1642 786 1711 ejus
832 1657 1009 1696 causae
1037 1640 1254 1695 alterius
1282 1638 1384 1693 nisi
1434 1637 1663 1693 Romani
1700 1653 1844 1706 pon-

251 1731 407 1787 tiﬁcis
447 1730 669 1787 arbitrio
725 1729 1041 1785 decidantur
1068 1769 1085 1797 ,
1118 1728 1261 1798 quod
1318 1734 1372 1782 et
1415 1727 1481 1782 de
1530 1734 1846 1783 caeterorum

252 1821 633 1893 episcOporum
663 1818 963 1887 majoribus
990 1818 1167 1873 causis
1194 1832 1462 1872 canonum
1493 1816 1625 1870 scita
1652 1815 1848 1870 consti-

250 1916 481 1965 tuerunt.
506 1908 667 1977 Quod
716 1906 970 1963 videlicet
997 1906 1072 1962 ita
1100 1904 1439 1960 sentiendum
1478 1912 1559 1959 est
1584 1911 1643 1958 ut
1669 1904 1845 1998 nullus
1871 1938 1925 1998 B

250 1998 457 2069 primas
484 1996 635 2066 quasi
682 2010 779 2067 pro
810 1994 1068 2066 peculiari
1098 1993 1354 2049 Ecclesia
1382 2008 1495 2047 suae
1547 1991 1846 2048 reverentia

253 2086 309 2141 id
336 2092 631 2156 praesumat
659 2084 897 2156 exigere.
931 2083 1065 2138 Cum
1096 2097 1225 2137 vero
1252 2082 1437 2153 legato
1467 2080 1693 2136 Romani
1714 2096 1850 2151 pon-

255 2172 413 2230 tiﬁcis
441 2172 743 2243 subjicitur,
800 2172 901 2243 ipsi
932 2172 1031 2226 soli
1059 2168 1341 2239 subjicitur
1358 2170 1512 2241 cujus
1567 2186 1665 2241 per
1690 2170 1847 2241 lega-

257 2270 370 2320 tum
400 2263 547 2318 vices
576 2270 825 2334 aguntur.
856 2261 925 2315 Et
952 2260 1128 2329 ipsum
1167 2274 1297 2331 ergo
1318 2259 1639 2313 Remensem
1660 2265 1713 2312 et
1747 2273 1850 2314 caa—

257 2360 400 2407 teros
420 2351 511 2421 qui
533 2349 792 2423 legationi
830 2358 935 2403 tuae
963 2348 1137 2403 solent
1163 2363 1280 2402 esse
1306 2345 1533 2416 subjecti
1564 2345 1633 2401 ad
1660 2344 1850 2401 conci-

254 2439 389 2495 lium
433 2448 541 2496 tum
569 2437 942 2495 sollicitudinis
970 2436 1201 2491 studium
1234 2442 1491 2491 convocet
1520 2442 1571 2490 et
1598 2434 1850 2490 Ecclesia:

257 2537 460 2585 sancta:
489 2527 804 2583 utilitatibus
831 2525 980 2582 omni
1022 2524 1446 2579 dissimulatione
1474 2524 1707 2593 seposita
1737 2524 1849 2579 fer-

257 2625 443 2674 venter
471 2617 703 2672 insudet.
743 2639 765 2663 η
799 2615 960 2670 Juxta
990 2616 1106 2669 haec
1133 2629 1264 2685 ergo
1295 2612 1480 2668 domni
1502 2629 1657 2684 papa
1686 2612 1852 2668 verba

230 2705 326 2775 ,ad
374 2705 781 2763 denominatum
830 2703 1117 2759 concilium
1176 2701 1562 2756 fraternitatem
1620 2710 1850 2757 vestram

260 2812 381 2851 cum
413 2794 700 2851 abbatibus
755 2793 945 2850 vestris
964 2791 1256 2863 apostolica
1285 2791 1595 2846 auctoritate
1650 2790 1851 2848 invita-

230 2886 394 2955 :mus,
426 2884 550 2954 quia
579 2882 646 2937 de
682 2882 919 2938 amicitia
951 2889 1124 2936 vestra
1180 2879 1519 2946 conﬁdimus,
1573 2887 1627 2933 et
1682 2879 1738 2934 in
1794 2895 1852 2933 re

253 2981 402 3029 tanta
429 2972 557 3028 utile
586 2971 746 3027 amici
783 2969 1065 3026 consilium
1111 2976 1163 3023 et
1192 2967 1647 3040 pemecessarium
1698 2967 1854 3022 nobis

254 3079 367 3119 esse
396 3062 613 3117 scimus.
642 3061 757 3117 Nos
801 3076 1013 3131 quoque
1070 3057 1306 3115 consiliis
1335 3058 1437 3113 tuis
1492 3056 1850 3128 acquiescere,

252 3152 369 3210 Deo
389 3151 623 3221 volente,
655 3149 829 3222 parati
858 3165 1060 3204 sumus.

999 3307 1103 3362 XII
1117 3346 1131 3361 .

254 3407 503 3482 Hugonis
526 3405 915 3480 Lugdunensis
953 3403 1367 3476 archiepiscopi
1399 3402 1629 3461 Robcrto
1658 3403 1855 3461 comiti

327 3496 635 3554 Flandriw.
655 3527 728 3536 —
754 3496 874 3551 Vice
894 3494 988 3552 SS.
1014 3495 1180 3550 Pont.
1199 3496 1285 3549 ut.
1308 3492 1671 3550 Lambertum
1690 3494 1853 3571 caci:

325 3586 471 3662 piat,
493 3589 832 3660 tueaturque
854 3588 1031 3656 rogat.

854 3683 1030 3753 (Anno
1074 3681 1257 3754 1094.)

797 3778 1016 3852 (spicit.
1077 3778 1141 3847 v,
1171 3777 1198 3849 §
1224 3775 1304 3850 3.]

331 3900 493 3956 Haec
514 3895 885 3970 Lugdunensis
913 3893 1177 3964 archiep.,
1210 3891 1522 3964 apostolica:
1538 3892 1682 3948 sedis
1693 3892 1853 3966 lega-

262 3997 372 4057 tus,
403 3989 667 4043 Roan'ro
698 3984 1105 4041 Flandrensium
1133 3983 1339 4048 comiti,
1365 3982 1611 4037 salutem.

329 4076 705 4135 Venerabilem
731 4074 788 4129 in
826 4073 1040 4129 Christo
1069 4072 1288 4128 fratrem
1326 4079 1566 4127 nostrum
1622 4071 1854 4127 Atreba-

258 4175 467 4223 tensem
497 4164 811 4236 episcopum
831 4162 1170 4218 excellentiae
1182 4168 1373 4217 vestra
1386 4160 1851 4230 commendamus,

259 4263 322 4312 ut
346 4271 469 4310 eum
507 4261 765 4323 tanquam
821 4250 1151 4307 cardinalem
1206 4249 1541 4322 episcopum,
1599 4256 1855 4320 tanquam

261 4344 405 4400 beati
459 4342 601 4398 Petri
655 4339 910 4395 manibus
962 4347 1352 4407 consecratum,
1408 4352 1514 4409 cpe
1569 4346 1746 4393 vestra
1804 4345 1859 4393 et

260 4432 463 4488 auxilio
492 4429 748 4486 tueamini
776 4442 1050 4502 rogamus,
1083 4436 1139 4484 et
1164 4428 1282 4486 vice
1311 4427 1519 4483 domini
1554 4444 1711 4499 papae
1763 4444 1855 4482 se-

260 4521 494 4579 cundum
524 4527 850 4592 praeceptum
903 4518 1070 4588 ipsius
1098 4518 1153 4571 in
1172 4516 1548 4578 remissionem
1603 4524 1855 4587 peccato-

258 4626 380 4667 rum
433 4615 735 4665 vestrorum
772 4606 1139 4676 praecipimus.
1166 4605 1248 4660 Ad
1284 4604 1609 4660 restituenda
1640 4621 1853 4675 quoque

260 4700 408 4756 bona
454 4695 707 4753 Ecclesiae
736 4694 903 4766 ipsius
959 4693 1238 4749 brachium
1298 4693 1545 4762 adjutorii
1584 4694 1745 4749 vestri
1802 4694 1852 4748 ei

261 4786 539 4860 porrigite,
569 4790 956 4857 cognoscentes
983 4799 1082 4839 vos
1112 4798 1210 4855 pro
1267 4781 1575 4838 obedientia
1588 4783 1689 4837 hac
1704 4782 1858 4837 habi-

260 4884 407 4932 turos
432 4875 663 4947 gratiam
693 4872 1064 4943 apostolicam,
1115 4878 1167 4926 et
1195 4887 1227 4927 a
1257 4877 1371 4926 Deo
1425 4870 1853 4928 retributionem.

978 5031 1130 5087 XIII.

264 5133 474 5192 Charta
492 5132 756 5206 Hugonis,
778 5130 1178 5205 Lugdunensis
1206 5129 1621 5202 archiepiscOpi
1640 5130 1697 5186 et
1718 5140 1857 5200 apo-

330 5224 549 5286 stolica
567 5222 715 5279 sedis
742 5223 933 5295 legati,
945 5222 1013 5279 de
1024 5220 1382 5279 absolutione
1400 5220 1670 5278 Fulconis
1680 5215 1861 5276 Ande-

330 5313 590 5386 cavcnsis
602 5311 847 5370 comitis.

855 5410 1033 5483 (Anno
1072 5409 1255 5479 1094).

462 5503 636 5582 [σιιι.
661 5507 871 5566 ειη-εει.
913 5523 1041 5566 nov.
1072 5508 1224 5562 instr.
1256 5512 1296 5560 t.
1331 5503 1424 5573 IV,
1445 5518 1504 5574 p.
1537 5496 1648 5577 101.

330 5621 493 5679 Haec
518 5622 894 5697 Lugdunensis
935 5620 1387 5695 archiepiscopus,
1434 5616 1748 5689 apostolica
1768 5630 1862 5672 so-

263 5711 347 5769 dis
373 5711 601 5786 legatus,
641 5711 1001 5769 dilectissimis
1045 5712 1101 5767 in
1132 5709 1341 5767 Christo
1384 5707 1635 5765 fratribus
1678 5705 1861 5762 archi-

237 5798 548 5875 episcOpis,
581 5802 869 5873 episcopis,
914 5800 1198 5857 abbatibus
1227 5806 1424 5856 sanctae
1455 5798 1555 5854 Dei
1601 5793 1862 5853 Ecclesiae

260 5887 511 5948 ﬁdelib‘ts
529 5892 778 5947 salutem.

336 5976 623 6039 Communi
653 5977 1075 6039 orthodoxorum
1103 5979 1347 6039 omnium
1398 5975 1605 6036 notitiae
1650 5973 1860 6033 tradere

1944 663 2108 718 nostri
2141 678 2298 734 papae
2327 664 2529 719 Urbani
2558 680 2656 734 pro
2697 682 2857 721 causa
2898 666 3142 721 Fulconis
3169 667 3534 740 Andegaven-

1943 753 2082 806 sium
2110 752 2322 806 comitis
2348 768 2517 822 usque
2572 753 2638 807 ad
2665 752 2801 807 ﬁnes
2829 754 3241 826 Andegavorum
3286 757 3538 813 veniendi

1944 841 2308 896 obedientiam
2338 841 2688 913 suscepimus,
2730 850 2786 897 ut
2845 859 2968 898 eum
2992 860 3024 899 a
3051 844 3266 900 vinculo
3322 848 3541 903 anathe-

1945 930 2122 995 matis,
2184 944 2290 999 quo
2344 930 2553 987 diutino
2636 938 2879 1003 tempore
2932 931 3218 988 innodatus
3273 942 3387 990 erat
3441 950 3540 1006 pro

1945 1017 2196 1090 captione
2225 1018 2401 1073 fratris
2446 1020 2527 1073 sui
2557 1018 2824 1085 Gaufridi,
2861 1035 3021 1090 quem
3052 1022 3107 1075 in
3124 1021 3268 1077 bello
3322 1023 3540 1094 publico

1946 1113 2181 1176 ceperat,
2212 1107 2614 1163 absolveremus
2646 1127 2659 1163 :
2688 1123 2813 1164 cum
2861 1116 3037 1164 tamen
3068 1109 3185 1181 ipse
3236 1125 3420 1166 comes
3445 1126 3542 1167 ra-

1944 1195 2149 1251 tionem
2179 1194 2424 1263 reddere,
2482 1203 2571 1251 aut
2598 1197 2927 1263 satisfacere,
2962 1204 3053 1253 aut
3074 1197 3337 1267 judicium
3358 1198 3543 1255 subire

1949 1300 2057 1339 non
2114 1283 2514 1356 subterfugeret
2544 1304 2555 1340 :
2588 1285 2699 1341 imo
2758 1300 2973 1357 semper
2999 1294 3217 1358 paratus
3271 1296 3411 1343 esset
3438 1307 3453 1343 :
3483 1296 3545 1344 ut

1951 1373 2186 1427 virorum
2218 1372 2580 1444 probabilium
2637 1373 2954 1429 clericorum
3011 1382 3067 1429 et
3092 1375 3354 1431 laicorum
3409 1376 3546 1432 rela-

1952 1461 2098 1517 tione
2124 1462 2498 1533 cognovimus,
2549 1461 2830 1531 praafatuss
2888 1462 3052 1519 frater
3103 1462 3241 1535 ejus,
3303 1471 3545 1537 tempore

1953 1564 2060 1620 quo
2088 1557 2274 1621 captus
2295 1550 2411 1614 fuit,
2444 1566 2476 1605 a
2512 1550 2787 1621 Stephano
2818 1551 3088 1607 cardinale
3117 1552 3378 1610 Romane
3403 1554 3547 1609 sedis

1953 1638 2131 1710 legato
2152 1654 2250 1707 pro
2270 1639 2587 1693 multimoda
2624 1640 2837 1707 injuria,
2872 1656 3033 1711 quam
3056 1640 3324 1698 inferebat
3372 1642 3542 1698 Turo-

1953 1727 2381 1782 nensiEcclesiae
2400 1735 2454 1782 et
2480 1728 2665 1784 abbati
2695 1728 2751 1784 S.
2811 1729 3022 1784 Martini
3069 1730 3292 1800 Majoris
3345 1746 3543 1787 mona-

1954 1815 2127 1885 sterii,
2161 1816 2669 1872 excommunicatus
2700 1824 2836 1881 erat,
2867 1826 2922 1873 et
2950 1818 3175 1874 Fulconi
3202 1819 3330 1876 huic
3385 1819 3544 1891 prin-

1954 1905 2169 1976 cipatus
2218 1905 2643 1975 Andegavensis
2688 1905 2982 1962 comitatus
3002 1906 3072 1961 ab
3114 1907 3234 1978 ipso
3264 1907 3449 1980 legato
3470 1924 3546 1965 ex

1954 2000 2112 2064 parte
2156 1983 2231 2049 S.
2259 1994 2402 2049 Petri
2424 1994 2653 2049 donatus
2704 2003 2846 2051 erat.
2908 1994 3081 2064 Quem
3105 1996 3328 2069 quidem
3379 2004 3436 2053 et
3476 1998 3545 2053 ab

1957 2082 2221 2138 avunculo
2249 2097 2346 2138 suo
2401 2081 2662 2139 Gaufrido
2690 2099 3004 2139 concessum
3060 2084 3242 2155 fuisse,
3307 2086 3546 2143 virorum

1955 2171 2321 2240 probabilium
2368 2171 2435 2226 de
2487 2172 2759 2227 nobilibus
2803 2173 2913 2228 suis
2954 2174 3135 2229 veraci
3190 2175 3549 2248 cognovimus

1958 2259 2237 2315 relatione.
2263 2261 2378 2315 Nos
2433 2260 2598 2333 igitur
2625 2263 2741 2317 haec
2769 2270 3015 2332 suscepta
3044 2263 3335 2335 legatione,
3364 2271 3425 2319 nt
3474 2262 3552 2321 vi-

1965 2364 2068 2421 gor
2092 2349 2400 2419 apostolica:
2425 2349 2747 2406 obedientia:
2801 2351 2996 2420 majori
3026 2368 3058 2407 a
3086 2352 3244 2407 nobis
3299 2359 3551 2408 tractam-

1957 2446 2045 2492 tur
2069 2438 2400 2501 auctoritate.
2432 2438 2796 2493 venerabilem
2841 2440 3060 2495 fratrem
3080 2449 3320 2496 nostrum
3350 2440 3551 2496 Bituri-

1957 2541 2173 2582 censem
2197 2527 2660 2598 archiepiscOpum
2691 2527 3047 2584 exsecutionis
3077 2530 3235 2599 hujus
3291 2530 3550 2585 adhibui-

1958 2631 2079 2670 mus
2106 2616 2312 2670 socium
2346 2630 2360 2684 ;
2393 2623 2447 2671 et
2492 2616 2569 2671 sic
2623 2616 2781 2671 simul
2830 2618 2990 2689 positi
3046 2619 3268 2674 fratrem
3317 2620 3547 2688 comitis,

1959 2720 2120 2774 quem
2154 2712 2369 2775 captum
2402 2705 2773 2774 audiebamus,
2806 2707 3052 2761 consulto
3081 2706 3551 2776 adivimus.Quem

1960 2793 2033 2848 ita
2058 2793 2410 2861 desipientem
2442 2793 2762 2864 invenimus,
2787 2802 2846 2849 ut
2876 2794 3148 2850 ferebatur
3174 2795 3549 2865 abomnibus;

1958 2888 2019 2935 ut
2047 2895 2264 2951 prorsus
2311 2881 2496 2937 inutile
2540 2890 2595 2937 et
2628 2898 2828 2938 vanum
2877 2883 3150 2938 videretur
3202 2884 3457 2955 regenda
3502 2883 3554 2939 ei

1962 2970 2148 3041 patria
2193 2971 2528 3025 committam
2577 2971 2955 3042 principatum,
3013 2971 3105 3041 qui
3145 2971 3248 3027 sibi
3274 2981 3327 3028 et
3380 2973 3554 3029 omni-

1961 3059 2063 3113 bus
2090 3059 2312 3113 stultitia
2364 3076 2460 3114 sua
2491 3060 2660 3114 factus
2689 3059 2874 3114 fuisset
2902 3061 3103 3115 inutilis
3134 3079 3150 3116 :
3179 3077 3348 3132 usque
3392 3062 3550 3131 adeo,

1962 3155 2149 3203 utnec
2177 3163 2274 3219 per
2298 3163 2492 3203 manus
2547 3155 2755 3203 nostras
2802 3164 2834 3203 a
2885 3150 3134 3221 captione
3186 3150 3350 3205 vellet
3392 3151 3549 3222 eripi.

1964 3237 2222 3292 Venimus
2243 3237 2422 3306 itaque
2480 3236 2547 3291 ad
2576 3236 2885 3293 coenobium
2942 3238 3001 3294 S.
3057 3237 3332 3305 Florentii,
3390 3246 3447 3295 et
3494 3240 3553 3295 in

1964 3324 2050 3379 die
2080 3324 2371 3381 nativitatis
2400 3325 2458 3381 S.
2489 3324 2709 3380 Joannis
2732 3325 3003 3396 Baptistae,
3061 3326 3298 3382 virorum
3316 3327 3547 3400 religio-

1962 3429 2163 3480 sorum,
2198 3414 2575 3483 episcoporum
2614 3420 2666 3468 et
2721 3413 2999 3484 abbatum,
3032 3415 3124 3485 qui
3162 3414 3370 3471 invitati
3398 3415 3554 3473 adve-

1963 3510 2171 3570 nerant,
2204 3503 2495 3559 Fulconem
2539 3503 2793 3558 comitem
2824 3510 3070 3575 paratum
3126 3504 3437 3562 satisfacere
3463 3514 3556 3562 aut

1961 3594 2227 3649 rationem
2256 3592 2481 3648 reddere
2537 3591 2778 3647 unanimi
2833 3593 3074 3648 omnium
3106 3601 3232 3650 voto
3288 3603 3343 3650 et
3394 3595 3553 3653 laude

1963 3681 2292 3738 absolvimus
2323 3697 2337 3751 ;
2371 3680 2606 3753 acceptis
2636 3682 2782 3738 abeo
2810 3681 3201 3750 securitatibus,
3224 3689 3299 3749 ut,
3329 3684 3373 3739 si
3389 3684 3554 3741 frater

1962 3770 2076 3840 ejus
2106 3770 2483 3827 melioritatem
2528 3787 2714 3826 sensus
2742 3770 3022 3843 reciperet,
3056 3787 3122 3827 ex
3149 3782 3419 3846 praecepto
3444 3772 3553 3830 do-‘

1961 3859 2096 3915 mini
2124 3859 2288 3916 nostri
2333 3876 2510 3932 papas,
2542 3860 2628 3915 vel
2647 3867 2850 3929 nostro,
2899 3867 2991 3915 aut
3017 3860 3361 3919 concordiam
3412 3861 3555 3923 face-

1961 3957 2044 4004 ret
2098 3964 2218 4004 cum
2278 3964 2364 4017 eo,
2424 3957 2515 4003 aut
2563 3948 2831 4019 judicium
2899 3949 3079 4005 subire
3123 3957 3341 4020 paratus
3388 3959 3553 4021 esset,

1962 4054 2063 4093 nec
2091 4053 2317 4094 uxorem
2347 4037 2583 4102 duceret,
2627 4038 2697 4093 de
2727 4054 2952 4107 quarum
3010 4039 3394 4099 numerositate
3440 4038 3554 4096 cul-

1961 4127 2213 4197 pabatur,
2269 4127 2473 4198 absque
2530 4134 2710 4184 nostro
2761 4126 3007 4194 consilio,
3064 4127 3217 4198 cujus
3270 4127 3349 4185 rei
3382 4137 3554 4204 gestae

1963 4217 2158 4272 seriem
2216 4215 2374 4273 vobis
2425 4215 2664 4286 pandere
2712 4215 3092 4285 judicavimus.
3159 4217 3554 4291 Religiosorum

1965 4312 2164 4375 autem,
2198 4304 2292 4374 qui
2345 4304 2650 4373 adfuerunt,
2682 4305 2903 4360 nomina
2949 4307 3066 4362 haec
3093 4313 3250 4362 sunt:
3286 4306 3553 4364 Aldeber—

1965 4401 2049 4449 tus
2076 4394 2485 4449 Bituricensium
2524 4394 2978 4466 archiepiscopus,
3012 4393 3270 4451 Ouvellus
3296 4396 3560 4454 Cenoma-

1964 4483 2146 4539 nensis
2202 4482 2507 4554 episcopus,
2568 4482 2890 4539 Guillelmus
2932 4480 3104 4539 abbas
3158 4481 3216 4540 S.
3282 4485 3557 4556 Florentii,

1966 4571 2271 4627 Bernardus
2317 4570 2487 4627 abbas
2504 4570 2604 4628 SS.
2639 4571 2816 4642 Sergii
2854 4570 3139 4641 etBacchi,
3169 4572 3428 4629 Girardus
3454 4572 3559 4630 ab-

1879 4660 1937 4722 D
1969 4661 2068 4716 bas
2088 4661 2145 4717 S.
2177 4659 2379 4727 Albini,
2427 4659 2670 4716 Nualdus
2697 4658 2869 4716 abbas
2924 4660 2982 4716 S.
3014 4661 3245 4729 Nicolai,
3287 4660 3562 4719 Baldricus

1966 4750 2135 4806 abbas
2166 4748 2553 4822 Burguliensis,
2584 4748 2876 4805 Gaufridus
2905 4747 3077 4805 abbas
3132 4749 3556 4808 Vindocinensis.

2044 4840 2235 4895 Actum
2293 4844 2375 4892 est
2400 4853 2543 4894 anno
2590 4838 2660 4894 ab
2713 4837 3090 4894 lncarnatione
3144 4836 3362 4895 Domini
3400 4841 3560 4912 1094,

1972 4928 2118 4999 apud
2165 4927 2441 4983 abbatiam
2497 4927 2561 4984 S.
2591 4927 2869 4996 Florentii,
2926 4926 3016 4983 die
3064 4926 3198 4986 festo
3236 4928 3301 4986 S.
3342 4929 3565 4986 Joannis

1966 5015 2236 5088 Baptistae.

2688 5142 2835 5202 XIV.

1967 5254 2120 5328 Hugo
2148 5250 2543 5325 Lugdunensis
2570 5250 3026 5325 archiepiscopus
3047 5252 3343 5311 ecclesiam
3365 5255 3565 5314 Sancti

2124 5343 2402 5401 Desiderii
2414 5343 2478 5399 in
2496 5340 2700 5399 Brixia
2722 5340 3191 5401 Cluniacensibus
3209 5344 3405 5403 donat.

2569 5489 2750 5564 (Anno
2783 5485 2966 5563 1091i.)

2220 5633 2443 5710 [BALUL
2488 5632 2719 5693 Misce“.
2758 5633 2846 5692 ed.
2887 5634 3016 5692 Luc.
3058 5630 3153 5707 IlI,
3193 5630 3319 5711 69.]

2042 5788 2105 5844 In
2129 5786 2352 5846 nomine
2387 5794 2586 5843 sancte
2616 5791 2671 5843 et
2711 5784 3005 5843 individua
3051 5787 3343 5857 Trinitatis,
3372 5786 3563 5860 Patris,

1970 5885 2025 5935 et
2048 5877 2188 5947 Filii,
2211 5885 2265 5933 et
2291 5876 2523 5947 Spiritus
2563 5875 2755 5932 sancti.
2812 5876 3080 5933 Noveﬁnt
3120 5892 3312 5934 omnes
3365 5885 3566 5934 sanam

1969 5968 2070 6026 Dei
2090 5966 2350 6026 Ecclesia:
2400 5964 2527 6037 ﬁlii,
2545 5972 2841 6037 praesentes
2865 5964 3070 6027 scilicet
3096 5974 3155 6024 et
3176 5966 3361 6038 futuri,
3419 5962 3566 6036 quod
