3882 6456
439 418 544 473 519

1390 411 1705 469 HUGONIS
1744 407 2240 471 LUGDUNENSIS
2277 413 2800 472 ARCHIEI’ISCOPI

3643 419 3756 478 520

445 557 554 612 ego
582 541 762 613 Hugo,
796 539 897 594 Dei
931 537 1106 610 gratia
1145 536 1527 608 Lugdunensis
1572 535 2042 607 archiepiscopus,
2075 539 2133 598 A
2155 537 2280 594 fecit
2309 539 2378 594 de
2408 538 2572 595 fratre
2603 548 2788 594 nostro
2836 539 3193 597 Ambianensi
3223 541 3484 614 episcopo
3511 550 3564 599 et
3610 544 3754 600 Ful-

443 631 588 686 dono
611 631 726 685 Deo
755 636 807 684 et
827 636 1018 683 sancto
1051 628 1206 681 Petro
1239 635 1291 680 et
1325 626 1773 682 reverentissimo
1805 626 1858 680 in
1894 625 2042 681 Cbri~

444 727 528 776 sto
557 718 699 790 patri
730 725 917 773 nostro
946 717 1147 770 domno
1199 715 1416 788 Hugoni
1449 715 1826 770 Cluniaeensis
1857 714 2042 770 eccle-

445 807 540 863 sia
593 806 778 864 abbati
841 812 894 860 et
970 804 1388 860 successoribus
1481 804 1600 872 ejus
1677 802 2042 875 fratribusque

446 897 549 953 sub
603 911 788 951 eorum
847 894 1045 949 ducatu
1095 893 1452 948 militantibus
1509 891 1803 948 ecclesiam
1861 891 2043 948 Sancti

447 983 736 1045 Desiderii,
768 983 928 1039 sitam
981 981 1038 1036 in
1067 981 1273 1045 Brixia,
1307 981 1409 1036 sub
1431 981 1653 1036 annuali
1681 997 1849 1037 censu
1878 981 2044 1035 trium

444 1073 765 1138 solidorum,
828 1071 1050 1126 retentis
1107 1069 1316 1140 paratis
1372 1078 1426 1125 et
1473 1069 1681 1141 synode
1743 1069 2041 1124 secundum

445 1163 722 1234 antiquum
780 1175 992 1216 morem
1048 1159 1269 1214 aliarum
1303 1158 1663 1214 ecclesiarum
1695 1158 2042 1229 episcOpatus

445 1251 635 1318 nostri,
696 1257 749 1306 et
817 1247 1083 1319 capellam
1131 1249 1202 1303 de
1260 1249 1568 1312 Reorterio,
1630 1262 1758 1303 cum
1809 1247 2042 1303 ecclesia

446 1340 630 1399 Sancti
655 1338 804 1394 Pauli
824 1337 966 1392 infra
999 1336 1160 1392 castri
1193 1336 1362 1407 ipsius
1393 1336 1757 1391 munitionem
1788 1335 2041 1400 sita,cum

442 1427 769 1503 appenditiis
795 1426 935 1495 ejus,
966 1427 1070 1480 sub
1099 1425 1316 1480 annuali
1358 1441 1528 1481 censu
1560 1426 1800 1496 quinque
1831 1425 2040 1480 solido-

445 1535 565 1576 rum
600 1533 615 1587 ;
647 1518 802 1586 cujus
831 1515 1099 1570 medietas
1142 1514 1386 1570 solvetur
1442 1513 1496 1567 in
1528 1514 1818 1570 festivitate
1869 1513 2040 1569 sancti

443 1606 682 1676 Martini,
714 1605 979 1660 medietas
1021 1619 1150 1659 vero
1179 1603 1233 1657 in
1266 1601 1644 1657 Puriﬁcatione
1689 1610 1888 1657 sancta
1917 1603 2037 1656 Ma-

442 1698 566 1754 ria.
603 1697 732 1750 Hac
763 1695 946 1764 itaque
1001 1691 1156 1747 salva
1185 1692 1527 1760 subjectione
1557 1699 1762 1746 sancta
1811 1691 2038 1763 Lugdu-

442 1785 631 1842 nensis
661 1783 940 1848 Ecclesia,
959 1781 1033 1836 do
1064 1781 1330 1838 Ecclesia
1343 1780 1692 1836 Cluniacensi
1707 1796 1805 1851 per
1820 1795 2038 1834 manum

442 1872 785 1933 dilectissimi
815 1871 868 1926 in
901 1871 1113 1927 Christo
1142 1869 1327 1926 fratris
1357 1869 1530 1926 nostri
1587 1869 1834 1942 Seguini,
1866 1869 2037 1939 ipsius
2066 1907 2119 1967 Β

443 1964 631 2022 domui
661 1962 872 2016 abbatis
902 1959 1218 2024 camerarii,
1247 1959 1376 2028 jure
1410 1966 1677 2030 perpetuo
1707 1958 2038 2028 possidenda

439 2070 539 2126 pro
576 2051 823 2108 remedio
875 2049 1089 2115 anima,
1146 2056 1284 2103 etut
1340 2047 1540 2103 fratres
1583 2047 1849 2103 Ecclesia
1909 2049 2040 2101 Clu-

441 2141 710 2200 macensis
741 2140 912 2194 Deum
935 2139 1300 2209 deprecentur
1329 2151 1426 2207 pro
1463 2136 1792 2192 excessibus
1822 2135 1960 2190 meis
1991 2143 2044 2190 et

438 2247 542 2305 pro
571 2238 716 2286 statu
735 2227 998 2284 Ecclesia
1029 2225 1409 2299 Lugdunensis
1421 2240 1632 2280 necnon
1662 2232 1717 2280 et
1742 2240 1844 2296 pro
1871 2223 2044 2279 salute

444 2319 686 2379 omnium
717 2316 1105 2373 canonicornm
1131 2324 1186 2370 et
1231 2314 1761 2384 consanguineorum
1809 2321 2040 2368 nostro-

444 2427 587 2467 rum.
622 2408 784 2464 Facta
813 2413 897 2461 est
917 2413 1101 2460 autem
1135 2403 1358 2458 donatio
1388 2404 1506 2458 hac
1537 2402 1786 2475 Lugduni
1815 2403 1868 2457 in
1895 2418 2044 2474 pra-

448 2499 627 2556 sentia
657 2495 847 2552 Gerini
902 2493 1171 2565 capellani
1192 2492 1386 2556 nostri,
1447 2500 1501 2546 et
1528 2491 1777 2562 Hugonis
1832 2491 2044 2560 nepotis

451 2586 643 2650 nostri,
683 2593 734 2640 et
765 2582 1012 2638 Godonis
1034 2580 1497 2652 archipresbyteri
1551 2581 1959 2647 canonicorum,
1991 2587 2047 2635 et

457 2673 680 2733 Girardi
707 2669 1202 2742 archipresbyteri.
1241 2670 1310 2725 Ut
1338 2678 1518 2724 autem
1534 2669 1650 2724 hac
1662 2667 2046 2724 donatiolirma

452 2769 797 2838 permaneat,
831 2759 1020 2832 sigillo
1047 2758 1275 2831 prOprio
1302 2757 1725 2813 subterfirmavi.

520 2856 713 2909 Actum
767 2849 1040 2921 Lugduni,
1088 2863 1236 2903 anno
1289 2847 1356 2900 ab
1405 2846 1790 2903 Incarnatione
1829 2845 2047 2902 Domini

452 2941 628 2999 nostri
654 2943 785 2995 Jesu
833 2937 1033 2993 Christi
1081 2935 1371 2992 millesimo
1419 2935 1779 3009 nonagesimo
1829 2944 2042 3008 quarto,

452 3030 750 3088 indictione
779 3044 838 3095 ιι,
871 3034 1232 3082 concurrente
1260 3041 1344 3079 vr.

521 3123 640 3194 Ego
667 3119 854 3191 Hugo,
888 3115 1243 3172 Divionensis
1280 3114 1541 3172 Ecclesia
1571 3115 1895 3182 monachus,
1927 3114 2047 3172 vice

450 3207 771 3270 cancellarii
800 3206 998 3278 scripsi
1024 3213 1079 3262 et
1107 3204 1435 3276 subscripsi.

1171 3355 1299 3412 XV.

604 3460 694 3518 Ab
714 3457 1076 3516 Lambertum
1091 3457 1522 3514 Alrebatense-m
1544 3457 1884 3529 episcopum.

1039 3559 1218 3628 (Anno
1266 3558 1448 3626 1095.)

686 3682 929 3753 (Eanum,
967 3681 1196 3736 Hisce".
1231 3680 1326 3735 ed.
1364 3681 1499 3736 Luc.
1541 3679 1608 3743 Il,
1643 3679 1801 3746 139.]

516 3783 696 3849 Huco,
727 3787 933 3837 sancta
960 3777 1342 3851 Lugdunensis
1371 3776 1630 3833 Ecclesia
1659 3788 2045 3841 servns,reve—

446 3871 762 3930 rentissimo
815 3867 972 3924 fratri
1021 3868 1318 3922 LAMBBRTO
1369 3865 1712 3922 Atrebatensi
1757 3864 2037 3936 episcupo,

446 3963 702 4019 salutem.

515 4051 784 4107 Curemus
850 4047 1199 4103 innotescere
1230 4052 1436 4102 vestra
1483 4043 1761 4100 dilectioni
1791 4058 2039 4099 sororem

449 4148 693 4198 nostram
731 4140 787 4193 in
816 4135 1036 4193 Christo
1068 4137 1336 4202 Emmam,
1382 4151 1504 4206 qua
1533 4133 1678 4205 apud
1697 4149 1798 4189 nos
1826 4132 2042 4189 reclusa

447 4243 636 4286 amore
659 4225 897 4283 nominis
927 4224 1128 4279 Christi
1150 4223 1245 4278 fuit
1274 4222 1462 4279 multis
1493 4223 1709 4290 diebus,
1741 4236 1886 4277 nono
1903 4220 2030 4276 Kal.

447 4315 730 4374 Febmarii
758 4315 827 4370 de
857 4311 1060 4368 saculo
1092 4313 1344 4383 prasenti
1375 4313 1446 4367 ad
1474 4312 1740 4376 calestia,
1767 4319 1826 4366 nt
1853 4310 2042 4366 credi-

417 4419 587 4471 ‘mus,
645 4404 942 4476 migrasse.
1011 4401 1120 4457 Sed
1170 4402 1300 4473 quia
1328 4401 1430 4456 soli
1459 4403 1574 4457 Deo
1613 4408 1744 4456 nota
1773 4409 1859 4455 est
1889 4398 2042 4454 salus

443 4496 533 4552 vel
563 4493 793 4566 perditio
821 4489 1153 4559 mortalium,
1196 4490 1488 4561 nullusque
1517 4489 1712 4546 merito
1759 4503 1860 4544 suo
1880 4488 2039 4556 justi-

447 4583 598 4642 ficari
628 4581 772 4654 apud
799 4581 950 4637 illum
981 4580 1146 4646 valet,
1169 4579 1278 4634 nisi
1309 4579 1664 4635 miseratione
1682 4577 1884 4634 divina
1911 4594 2044 4648 pur-

444 4683 606 4750 getur
633 4647 871 4744 pietatis,
895 4668 1288 4740 pramonendo
1317 4667 1672 4724 obsecramus
1718 4647 2037 4723 charitatem
2068 4647 2122 4709 D

443 4772 683 4822 vestram
712 4768 982 4833 quatenus
1026 4759 1082 4812 in
1113 4758 1454 4814 orationibus
1510 4757 1706 4812 vestris
1757 4764 1811 4812 et
1868 4757 2040 4812 bene-

444 4852 604 4911 factis
631 4850 826 4906 anima
851 4847 1024 4920 ipsius
1080 4847 1435 4915 succurratis,
1468 4853 1609 4902 utet
1663 4861 1764 4903 vos
1822 4861 2041 4918 quoque

444 4943 591 4999 idem
620 4937 909 5012 pramium
959 4937 1030 4991 ab
1061 4937 1260 4993 eodem
1319 4944 1563 4993 creatore
1581 4944 1635 4991 et
1690 4935 2042 5005 redemptore

440 5039 630 5090 nostro
649 5029 780 5084 Iesu
800 5026 1016 5084 Christo
1045 5025 1308 5098 consequi
1323 5025 1664 5081 mereamini.
1697 5023 1826 5080 Filia
1841 5023 2042 5096 quippe

443 5129 645 5178 vestra
675 5116 959 5182 Ecclesia,
1014 5116 1160 5172 sicut
1189 5116 1310 5187 ipsa
1367 5114 1672 5187 saepissime
1718 5113 2040 5181 testabatur,

443 5217 562 5269 erat
591 5215 788 5266 vestra
817 5204 1194 5262 fraternitatis.
1228 5203 1444 5261 Valete.

1158 5353 1283 5412 XVI
1298 5397 1313 5412 .

1050 5455 1134 5512 Ad
1153 5454 1434 5512 eumdem.

1028 5552 1214 5624 (Anno
1261 5551 1454 5621 1095.)

1145 5647 1339 5723 [ιδίάλ

516 5769 831 5830 Venerabili
857 5771 1014 5830 fratri
1045 5776 1345 5829 Lsusna'ro
1373 5770 1722 5828 Atrebatensi
1749 5770 2038 5843 episcopo,

446 5862 606 5918 lineo
635 5857 1017 5930 Lugdunensis
1045 5861 1311 5918 Ecclesia
1341 5876 1554 5925 servus,
1586 5860 1848 5915 salutem.

521 5949 716 6010 Frater
769 5945 872 6006 iste
923 5948 1148 6023 gerulus
1203 5949 1395 6005 horum
1425 5947 1824 6020 querimoniam
1875 5945 2040 6007 nobis

2067 3273 2118 3338 Ο

2149 643 2289 683 cone
2326 628 2713 684 archidiacono
2744 630 2922 686 amico
2952 639 3005 686 et
3035 631 3279 686 familiari
3309 640 3518 698 nostro,
3541 649 3753 704 rogans

2151 727 2422 788 quatenus
2445 733 2661 772 causam
2689 734 2842 773 suam
2901 718 3220 775 fraternitati
3245 730 3441 777 vestra
3487 723 3752 778 commit-

2152 814 2407 862 teremus.
2467 805 2815 879 Injnngimus
2871 806 3058 880 itaque
3113 809 3362 866 charitati
3433 819 3634 867 vestra
3693 818 3752 866 ut

2151 895 2582 950 Ambianensem
2636 896 2956 968 episcopum
2986 906 3039 954 et
3092 899 3410 969 pradictum
3447 898 3748 956 Fulconem

2149 984 2597 1040 archidiaconum
2627 985 2985 1053 conveniatis,
3030 995 3163 1042 etut
3199 988 3458 1058 pradicto
3487 987 3641 1044 fratri
3676 989 3748 1045 de

2151 1073 2351 1144 quibus
2398 1073 2751 1144 conqueritur
2788 1073 3054 1142 justitiam
3115 1075 3174 1130 in
3227 1076 3501 1132 audientis
3554 1085 3747 1133 vestra

2149 1160 2352 1218 faciant
2379 1161 2747 1218 admonentis.
2815 1160 2977 1232 Quod
3006 1163 3052 1218 si
3080 1163 3264 1220 facere
3290 1163 3580 1231 noluerint,
3642 1183 3749 1222 ex-

2150 1259 2307 1322 parte
2326 1258 2515 1306 nostra
2534 1250 2766 1306 amicum
2825 1261 3070 1308 nostrum
3093 1253 3418 1310 Remensem
3465 1253 3748 1326 archiepi-

2149 1355 2377 1410 scopum
2409 1349 2598 1412 rogate
2629 1348 2690 1393 nt
2719 1356 2820 1396 eos
2851 1341 3001 1413 quod
3032 1343 3237 1412 justum
3270 1342 3428 1399 fuerit
3447 1343 3565 1413 jam
3593 1343 3748 1400 dicto

2149 1429 2305 1485 fratri
2332 1429 2558 1501 exsequi
2589 1428 2769 1486 faciat.

2848 1545 3028 1603 XVII.

2380 1662 2462 1718 Ad
2480 1660 2696 1720 leonem
2730 1661 3138 1720 Carnotensem
3155 1663 3471 1738 episcopum
3483 1705 3496 1720 .

2741 1782 2924 1850 (Anno
2954 1780 3152 1852 1096.)

2309 1895 2468 1969 [0pp.
2497 1897 2697 1963 Ivonis,
2721 1903 2833 1952 not.
2865 1895 2932 1950 ad
2961 1894 3120 1967 epist.
3155 1895 3277 1962 153,
3316 1911 3377 1967 p.
3413 1896 3575 1965 235.]

2222 2000 2289 2055 Η.
2325 2002 2704 2074 Lugdunensis
2733 2001 3374 2073 episcOpus,apostolica
3405 2001 3548 2057 sedis
3580 2000 3746 2073 lega-

2150 2096 2256 2156 tus,
2288 2092 2589 2147 reverendo
2618 2090 2773 2147 fratri
2792 2091 3168 2157 I,Carnotensi
3193 2090 3467 2162 episcopo,
3487 2089 3743 2146 salutem.

2224 2180 2448 2235 Noverit
2482 2181 2796 2236 fraternitas
2824 2189 3008 2235 vestra
3025 2179 3320 2236 clamorem
3353 2179 3535 2234 fratris
3568 2179 3748 2234 nostri

2155 2267 2272 2324 Gis.
2308 2269 2658 2326 Ebroicensis
2705 2269 2951 2340 episc'Opi
2998 2285 3176 2339 nuper
3205 2269 3271 2323 ad
3298 2283 3460 2324 aures
3516 2273 3741 2324 nostras

2152 2357 2474 2428 pervenisse
2503 2359 2573 2414 de
2604 2359 2816 2414 Ursone
2863 2357 3110 2429 dapifero
3140 2357 3309 2429 regis,
3341 2357 3429 2430 qui
3454 2361 3512 2412 in
3540 2365 3747 2413 sancta

2155 2444 2605 2520 Quadragesima
2633 2447 2829 2503 diebus
2858 2447 3000 2518 cepit
3030 2447 3323 2518 quemdam
3347 2447 3745 2516 parochianum

2153 2535 2274 2605 ejus
2295 2537 2514 2593 nomine
2544 2537 2862 2608 Rotgerum,
2916 2551 3084 2591 causa
3113 2536 3374 2590 orationis
3430 2535 3745 2590 tendentem

2154 2625 2222 2680 ad
2255 2626 2506 2682 Sanctam
2537 2627 2764 2681 Mariam
2825 2624 3203 2696 Magdalenam
3257 2624 3326 2679 de
3350 2623 3638 2692 Vizeliaco,
3689 2631 3746 2678 et

2154 2714 2220 2768 ad
2244 2723 2488 2770 sanctum
2509 2699 2989 2780 Egidiumiﬁcias
3039 2721 3220 2768 autem
3253 2728 3363 2768 non
3391 2711 3566 2768 solum
3600 2727 3744 2784 qua-

2154 2803 2536 2875 dragesimali,
2563 2820 2753 2859 verum
2772 2787 2948 2882 etiam
2979 2802 3127 2858 omni
3157 2810 3423 2873 tempore,
3473 2809 3740 2869 oratores,

2155 2901 2208 2948 et
2228 2909 2328 2963 pro
2360 2892 2475 2948 Deo
2531 2883 2966 2964 peregrinantes,
2990 2891 3060 2946 ab
3090 2891 3332 2946 omnium
3380 2889 3612 2945 hostium
3652 2890 3742 2944 in-

2155 2997 2314 3038 cursu
2339 2998 2566 3038 securos
2595 2997 2720 3037 esse
2749 2980 2957 3036 debere
3001 2999 3012 3035 :
3047 2989 3104 3036 et
3123 2979 3504 3052 pertubatores
3525 2995 3730 3048 eorum,

2155 3079 2343 3142 utpote
2370 3072 2469 3127 Dei
2499 3072 2747 3126 timorem
2778 3085 2890 3142 pra
2919 3069 3093 3126 oculis
3122 3085 3232 3124 non
3250 3068 3744 3136 habentes,debere

2155 3161 2336 3232 puniri
2367 3161 2658 3217 severitate
2686 3159 3076 3216 ecclesiastica
3103 3157 3422 3229 disciplina.
3457 3157 3744 3213 Interdixi-

2156 3267 2279 3306 mus
2299 3251 2482 3322 itaque
2511 3266 2673 3306 omne
2703 3249 2949 3305 divinum
2997 3248 3235 3304 officium
3267 3256 3370 3302 tam
3401 3247 3503 3318 ipsi
3520 3246 3737 3313 Ursoni,

2155 3355 2317 3412 quam
2348 3339 2442 3395 toti
2481 3337 2695 3394 familia
2714 3339 2910 3393 domus
2941 3339 3081 3408 ejus,
3122 3337 3489 3408 omnibusque
3520 3334 3572 3390 in
3591 3343 3744 3392 tanto

2152 3427 2443 3501 sacrilegio
2473 3428 2644 3500 ipsius
2675 3427 3108 3497 coadjutoribus,
3142 3425 3302 3481 vobis
3352 3425 3529 3494 (cujus
3570 3438 3743 3495 paro-

2153 3518 2381 3574 chianus
2413 3534 2536 3574 esse
2567 3517 2792 3582 dicitur,
2827 3518 3031 3588 quique
3055 3514 3202 3571 vices
3259 3512 3498 3570 defuncti
3524 3513 3742 3569 archie-

2151 3607 2364 3679 piscopi
2415 3605 2749 3663 Senonensis
2794 3606 3008 3678 geritis)
3065 3603 3364 3676 apostolica
3419 3602 3738 3658 auctoritate

2151 3697 2552 3768 pracipientes,
2609 3695 2840 3751 utidem
2898 3694 3245 3750 interdictum
3275 3691 3500 3757 faciatis,
3557 3698 3611 3747 et
3664 3706 3738 3746 ex

2152 3795 2307 3857 parte
2338 3793 2545 3851 nostra,
2595 3792 2765 3856 atque
2787 3791 2971 3840 vestra
2999 3781 3214 3839 clericis
3260 3780 3738 3836 Aurelianensibus

2150 3875 2440 3932 scribendo
2469 3874 2792 3946 injungatis,
2824 3880 3088 3945 quatenus
3117 3871 3222 3943 ipsi
3252 3871 3425 3926 Vitoni
3444 3877 3496 3925 et
3524 3868 3738 3925 familia

2151 3967 2346 4022 domus
2393 3965 2534 4036 ejus,
2578 3972 2744 4035 atque
2795 3961 3208 4031 coadjntoribus
3265 3958 3438 4031 ipsius
3493 3957 3738 4014 divinum

2151 4056 2398 4112 similiter
2417 4054 2654 4110 officium
2685 4051 3031 4119 interdicant,
3063 4050 3240 4107 donec
3268 4047 3588 4120 pradictum
3603 4047 3739 4103 Rot-

2150 4161 2346 4218 gerum
2367 4145 2574 4216 absque
2603 4141 2978 4214 redemptione
3007 4140 3191 4212 aliqua
3241 4139 3310 4195 de
3339 4137 3585 4208 capitone
3639 4150 3738 4191 sua

2150 4235 2383 4291 liberum
2413 4233 2562 4288 abire
2587 4231 2878 4304 permittat,
2901 4237 2953 4287 et
2980 4229 3156 4284 ablata
3187 4227 3234 4284 ei
3267 4225 3532 4283 restituat.
3559 4225 3738 4280 Inter—

2151 4324 2384 4380 dicimus
2432 4323 2588 4378 etiam
2645 4321 2835 4378 eadem
2891 4317 3218 4376 auctoritate
3274 4313 3568 4388 apostolica
3595 4312 3740 4368 divi-

2151 4431 2280 4469 num
2322 4411 2563 4470 officium
2596 4409 2714 4467 fieri
2742 4409 3052 4481 ubicunque
3069 4414 3261 4480 captus
3289 4403 3576 4470 tenebitur,
3607 4401 3736 4458 dum

2151 4503 2228 4560 ibi
2254 4503 2439 4560 fuerit.

2839 4614 3052 4672 XVIII.

2220 4727 2314 4786 Ad
2339 4725 2622 4786 eumdem.
2654 4756 2725 4766 -—
2755 4719 3064 4796 Respondet
3087 4718 3337 4793 epistolas
3354 4719 3419 4773 60
3451 4715 3654 4773 Ivonis.

2745 4833 2926 4902 (Anno
2966 4829 3148 4898 1097.)

2399 4943 2643 5016 [Bssuzu
2675 4937 2910 4996 Miscell.
2944 4936 3039 4992 ed.
3080 4935 3208 4991 Luc.
3242 4933 3335 5002 III,
3367 4928 3491 5003 57.]

2222 5053 2401 5116 Huco,
2434 5050 2626 5121 prima
2659 5046 2811 5102 sedis
2835 5041 3214 5117 Lugdunensis
3244 5039 3551 5111 episcopus,
3581 5049 3729 5091 reve-

2151 5140 2329 5199 rendo
2363 5138 2516 5194 fratri
2547 5139 2708 5192 lvom
2739 5131 3070 5191 Carnotensi
3099 5125 3380 5201 episcopo,
3414 5125 3658 5181 salutem.

2221 5231 2372 5286 Inter
2399 5237 2596 5285 catera
2625 5224 2857 5296 capitula
2901 5235 3135 5294 quorum
3194 5217 3545 5290 congestione
3573 5213 3724 5268 inno-

2151 5319 2386 5378 centiam
2419 5324 2666 5372 nostram
2698 5312 2858 5384 quasi
2888 5328 2952 5367 ex
2975 5309 3208 5380 obliquo
3237 5305 3504 5376 tangendo
3520 5299 3726 5359 inﬁcere

2149 5410 2304 5466 nisus
2329 5406 2481 5470 estis,
2515 5404 2714 5477 quibus
2734 5417 2836 5458 suo
2868 5409 3114 5470 tempore
3145 5392 3614 5467 respondebimus,
3646 5405 3727 5477 ses

2149 5498 2389 5556 cundum
2427 5476 2747 5566 petitionem
2802 5497 3043 5546 vestram
3073 5486 3144 5542 de
3174 5484 3390 5540 duobus
3419 5479 3614 5536 ultimis
3662 5476 3725 5533 ad

2148 5602 2396 5660 prasens
2438 5581 2778 5654 respondere
2831 5576 3206 5634 decrevimus.
3231 5571 3390 5642 Quod
3444 5579 3554 5626 tam
3580 5566 3722 5624 vobis

2149 5659 2312 5750 quam
2346 5669 2711 5744 suifragancis
2729 5666 2928 5725 vestris
2943 5682 3012 5721 ne
3034 5661 3337 5722 Senonensi
3354 5659 3524 5715 electo
3543 5669 3720 5712 manus

2150 5744 2932 5838 imponeretisinterdixius,
2964 5754 3142 5810 donec
3171 5746 3540 5808 obedientiam
3571 5753 3620 5800 et
3646 5744 3722 5800 de-

2149 5834 2317 5910 bitam
2363 5848 2763 5920 snbjectionem
2820 5844 2980 5901 nobis
3028 5839 3393 5915 promitteret,
3446 5834 3716 5908 primatum

2149 5939 2533 6017 Lugdunensis
2566 5935 2829 5998 Ecclesia
2855 5931 3159 5992 secundum
3186 5922 3371 5988 domui
3385 5923 3554 5986 nostri
3568 5937 3718 5997 papa
