3882 6418
153 423 269 478 521

1354 421 1710 480 EPISTOL/E
1749 425 1840 480 ΕΤ
1883 423 2299 482 PRIVILEGM.

3369 431 3474 489 522

163 545 946 615 Urbanietpradecessorum
962 545 1078 614 ejus
1100 546 1429 615 apostolicas
1459 549 1767 603 sanctiones
1796 552 1850 610 A
1880 551 2064 604 stitura
2093 552 2509 621 episcopatuum
2541 553 2625 608 vel
2659 553 2883 607 aliarum
2938 553 3257 624 dignitatum
3288 555 3472 610 eccle-

169 643 624 706 recognosceret,
667 651 776 688 non
799 635 1244 689 irrationabiliter
1273 636 1358 689 vel
1391 646 1582 692 contra
1623 638 1772 691 anti-

168 738 313 794 quas
346 731 559 793 patrum
592 723 817 795 regulas
869 723 1064 778 factum
1097 739 1219 778 esse
1261 725 1596 794 putavimus.
1651 727 1772 780 Non

168 811 318 865 enim
352 811 593 865 notitiam
615 820 851 866 vestram
881 811 1280 883 sebterfugisse
1301 814 1578 868 credimus
1609 830 1773 885 quam

168 909 483 963 contumaci
516 910 838 979 pertinacia,
887 917 940 963 et
979 909 1242 979 pertinaci
1285 911 1630 965 contumacia
1669 912 1773 966 Se-

169 1011 452 1052 nonenses
481 996 689 1062 clerici,
724 997 792 1051 de
823 1012 1052 1067 quorum
1083 1013 1254 1069 grege
1286 999 1497 1052 electus
1531 999 1622 1053 ille
1648 1015 1776 1054 esse

169 1083 502 1150 dinoscitur,
531 1084 844 1154 apostolicis
862 1085 932 1139 de
954 1087 1182 1154 primatu
1207 1086 1554 1156 Lugdunensi
1570 1087 1778 1140 institu-

172 1173 248 1227 tis
280 1188 346 1228 ac
369 1173 669 1243 privilegiis
691 1173 974 1228 obviantes
996 1181 1048 1227 et
1064 1173 1442 1228 inobedientes
1463 1175 1778 1230 exstiterint

173 1276 230 1324 et
273 1270 742 1341 archiepiscopum
775 1286 928 1325 suum
962 1271 1123 1325 modo
1153 1270 1467 1327 defunctum
1503 1289 1674 1343 usque
1705 1273 1775 1326 ad

172 1367 411 1413 mortem
456 1359 511 1411 in
543 1373 641 1413 sua
677 1359 1045 1413 inobedieutia
1097 1375 1458 1429 perseverare
1515 1360 1766 1415 fecerint.

176 1447 411 1516 Pr0pter
440 1463 604 1517 quam
633 1446 882 1502 videlicet
905 1447 1323 1502 inobedientiam
1344 1448 1577 1502 domnus
1599 1458 1782 1502 noster

177 1550 324 1604 papa
357 1535 606 1588 Urbanus
636 1535 705 1588 ab
736 1535 1037 1604 episcopali
1067 1552 1187 1590 eum
1240 1535 1416 1590 oﬁicio
1476 1537 1778 1606 suspendit,

188 1640 242 1685 et
275 1647 372 1684 vos
403 1641 450 1686 et
484 1632 621 1685 alios
656 1631 1031 1702 suﬂraganeos
1065 1641 1285 1687 vestros
1333 1633 1698 1687 obedientiam
1731 1642 1784 1687 et

179 1719 574 1786 subjectionem
642 1719 799 1773 nobis
860 1731 914 1772 ut
958 1721 1171 1790 primati
1223 1732 1406 1775 vestro
1469 1723 1784 1791 promittere

179 1815 328 1870 fecit.
362 1817 617 1870 Testante
649 1826 834 1871 autem
883 1817 1152 1887 Gregorio
1183 1818 1234 1871 in
1267 1819 1454 1872 ultimo
1500 1819 1777 1873 Moralium

1880 640 2251 705 siasticarum,
2286 657 2445 712 quam
2465 658 2622 712 reges
2639 643 2770 696 olim
2793 643 3115 696 mutationes
3143 659 3474 712 usurparunt

1879 737 1931 782 et
1959 729 2133 782 adhuc
2164 744 2423 798 usurpare
2452 730 2806 795 contendunt,
2841 731 3112 785 contraire
3165 731 3326 786 vultis
3387 725 3472 786 vel

1881 827 2310 880 contraeundum
2342 841 2464 880 esse
2507 827 2821 891 decernitis,
2857 843 2955 881 vos
3005 827 3271 881 videritis.
3313 826 3474 895 Quod

1885 912 2133 967 videlicet
2161 929 2285 969 cum
2315 929 2423 968 non
2455 913 2631 968 solum
2655 916 2816 970 modo
2841 932 3024 971 verum
3044 916 3203 970 etiam
3225 923 3472 986 tempore

1884 1000 2054 1055 beata
2083 1002 2358 1056 memoria
2379 1002 2636 1074 Gregorii
2665 1020 2819 1074 papa
2844 1011 2952 1057 tam
2977 1002 3203 1058 firmiter
3231 1003 3474 1074 promul-

1885 1096 2071 1160 gatum
2104 1090 2342 1144 videritis
2371 1091 2454 1146 vel
2485 1092 2786 1158 audieritis,
2820 1092 2865 1145 si
2897 1091 3026 1161 quid
3053 1091 3364 1146 addendum
3385 1090 3472 1146 vel

1886 1173 2210 1228 demendum
2243 1175 2327 1228 vel
2356 1174 2422 1228 ad
2463 1183 2676 1244 tempus
2695 1175 3175 1241 intermittendum,
3208 1191 3278 1229 ne
3307 1175 3474 1245 spiri-

1886 1269 2044 1323 tualia
2076 1271 2162 1324 vel
2195 1271 2508 1341 temporalia
2528 1272 3250 1342 commodaimpedirentur,
3277 1287 3475 1342 cogno-

1887 1359 2058 1424 vistis,
2101 1375 2206 1413 non
2236 1360 2389 1430 quasi
2428 1359 2734 1415 insidiando
2773 1361 2860 1415 vel
2898 1361 3268 1433 redarguendi
3307 1376 3473 1416 occa-

1888 1447 2094 1501 sionem
2128 1448 2400 1501 haberetis
2430 1449 2681 1512 reticere,
2714 1449 2811 1503 scd
2840 1448 3168 1519 magisipsis
3199 1448 3344 1503 velut
3375 1464 3478 1518 pa-

1888 1538 2064 1590 tribus
2093 1536 2266 1590 bonus
2297 1551 2360 1590 ac
2379 1537 2620 1606 prudens
2641 1535 2782 1592 filius
2800 1537 3162 1592 reverentiam
3181 1553 3480 1608 suggerere

1889 1635 1940 1679 et
1975 1625 2222 1678 intimare
2253 1624 2674 1679 deberetis.Nos
2691 1642 2821 1679 vero
2839 1626 3015 1696 ipsam
3038 1625 3477 1680 constitutionem

1889 1721 2208 1776 canonicam
2240 1729 2293 1775 et
2321 1723 2616 1776 secundum
2648 1722 2897 1792 antiquas
2929 1721 3140 1792 legales
3171 1730 3479 1776 sanctorum

1890 1819 2104 1880 patrum
2153 1809 2576 1864 consuetudines
2621 1809 2816 1865 factam
2863 1810 3112 1865 videntes
3159 1818 3213 1864 et
3258 1825 3482 1865 servare

181 1903 327 1958 libro
357 1903 727 1958 inobedientia
779 1904 1084 1958 hariolandi
1143 1916 1423 1974 peccatum
1467 1906 1687 1968 dicitur,
1727 1915 1780 1960 et
1814 1909 1860 1968 Β
1891 1899 2140 1952 volumus
2163 1907 2215 1951 et
2239 1899 2565 1953 servandum
2599 1899 2854 1953 omnibus
2885 1914 3052 1968 super
3096 1898 3293 1969 quibus
3326 1899 3480 1970 lega-

178 2001 339 2072 quasi
371 2001 550 2056 scelus
575 2001 897 2056 idololatriae
928 2002 1069 2056 nolle
1103 2003 1472 2072 acquiescere.
1497 2002 1778 2056 Obedien-

181 2091 265 2144 tia
297 2105 429 2144 vero
463 2089 593 2144 ﬁdei
624 2089 872 2145 meritum
903 2090 1185 2159 possidet:
1233 2106 1339 2161 qua
1381 2091 1496 2144 sine
1546 2091 1778 2161 quisque

186 2177 433 2233 inﬁdelis
463 2179 824 2243 convincitur,
859 2178 1071 2232 etiamsi
1116 2177 1294 2233 ﬁdelis
1343 2195 1466 2233 esse
1499 2180 1774 2234 videatur.

185 2275 297 2329 Hac
329 2275 507 2346 itaque
535 2274 675 2329 beati
712 2272 971 2344 Gregorii
1003 2274 1209 2329 ratione
1240 2284 1291 2329 et
1321 2277 1640 2331 auctoritate
1671 2282 1782 2330 tam

199 2363 503 2433 pradictus
533 2379 693 2434 quam
724 2363 815 2416 alii
845 2361 1029 2416 clerici
1061 2362 1406 2418 Senonenses
1437 2381 1558 2420 cum
1588 2365 1786 2434 prima-

189 2459 304 2505 tum
351 2450 732 2524 Lugdunensis
781 2449 1044 2504 Ecclesia
1102 2454 1416 2522 respuendo
1474 2454 1786 2523 apostolica

191 2547 502 2602 auctOritati
533 2556 642 2602 tam
672 2553 1004 2618 arroganter
1035 2554 1253 2618 tamque
1282 2548 1633 2618 pertinaciter
1664 2549 1786 2603 obe-

189 2635 308 2690 dire
338 2636 728 2700 recusaverint,
761 2641 814 2706 e_t
844 2633 1167 2705 episcOpum
1217 2654 1394 2702 suum,
1429 2637 1784 2708 quemadmo-

190 2725 321 2779 dum
369 2725 625 2790 diximus,
670 2744 842 2798 usque
903 2727 970 2782 ad
1025 2725 1147 2780 vita
1179 2726 1408 2790 exitum,
1471 2742 1576 2780 non
1609 2725 1784 2780 solum

195 2814 592 2884 persuadendo.
627 2831 816 2871 verum
863 2817 1021 2874 etiam
1055 2815 1322 2870 violenter
1361 2814 1694 2885 instigando,
1730 2813 1785 2866 in

193 2917 291 2956 sua
321 2901 685 2958 inobedientia
743 2907 1050 2975 perdurare
1097 2902 1479 2972 compulerint,
1538 2901 1784 2972 quamvis

191 2995 381 3052 fideles
410 2998 713 3064 videantur,
738 2998 984 3053 inﬁdeles
1015 3006 1196 3053 tamen
1228 3007 1279 3052 et
1302 2998 1455 3068 quasi
1488 2996 1785 3050 idololatra

193 3101 316 3141 esse
347 3086 759 3143 convincuntur.
793 3088 1096 3158 Perpendat
1117 3087 1281 3158 igitur
1315 3095 1488 3140 vestra
1527 3084 1785 3138 discretio

192 3183 369 3228 utrum
418 3174 652 3230 infidelis
683 3185 776 3230 aut
807 3175 1110 3244 idololatra,
1157 3175 1332 3230 donec
1350 3174 1418 3228 ab
1465 3172 1782 3226 infidelitate

194 3271 279 3327 vel
336 3272 639 3327 idololatria
695 3273 1006 3342 resispicat,
1073 3273 1127 3326 in
1158 3273 1343 3343 episco

190 3373 372 3442 possit
392 3372 692 3427 autdebeat
708 3371 839 3443 eligi
862 3372 946 3426 vel
967 3370 1296 3427 consecrari.
1314 3369 1790 3440 Perpendatetiam

190 3468 368 3514 utrum
393 3461 438 3515 si
461 3461 562 3515 hoc
593 3460 709 3515 lieri
769 3461 1124 3531 prohibemur
1174 3459 1401 3529 privatis
1460 3458 1680 3529 legibus
1738 3463 1792 3510 et

191 3549 348 3604 novis
377 3549 777 3615 traditionibus,
808 3549 1270 3620 quemadmodum
1327 3547 1526 3614 dicitis,
1578 3555 1791 3600 veteres

193 3637 509 3692 traditiones
540 3647 592 3692 et
621 3637 1044 3693 consuetudines
1062 3637 1130 3691 de
1170 3635 1571 3706 metropolitani
1598 3649 1792 3690 conse-

193 3726 439 3782 oratione
469 3741 757 3782 removere
817 3725 1229 3791 contendamus,
1276 3726 1360 3780 vel
1391 3725 1444 3778 in
1502 3724 1605 3778 hoc
1653 3721 1791 3777 facto

192 3823 606 3894 imprOperastis
636 3822 864 3878 culicem
901 3821 1143 3877 colantes
1174 3821 1440 3876 camelum
1469 3819 1787 3892 glutiamus.

192 3911 504 3982 Legationis
549 3920 726 3967 autem
771 3919 971 3966 nostra
1014 3910 1306 3982 privilegio
1348 3925 1452 3965 nec
1497 3911 1672 3980 ipsum
1721 3908 1790 3962 de

194 4024 304 4080 quo
359 4010 580 4081 agimus
645 4010 731 4064 vel
784 4008 1079 4080 quemlibet
1129 4007 1294 4061 alium
1350 4007 1586 4062 electum
1634 4006 1790 4061 nobis

191 4099 511 4170 prasentari
541 4098 940 4162 contendimus,
969 4097 1064 4152 sed
1098 4097 1402 4152 secundum
1434 4095 1788 4166 apostolicam

193 4187 544 4242 traditionem
577 4187 902 4242 electionem
933 4194 986 4240 et
1017 4201 1216 4240 nomen
1246 4184 1405 4240 electi
1450 4185 1519 4238 ad
1548 4184 1790 4238 notitiam

192 4283 432 4331 nostram
466 4275 663 4331 referri
685 4275 955 4341 volumus,
984 4282 1040 4328 ut
1071 4289 1190 4329 eam
1221 4273 1498 4345 cognitam
1517 4273 1790 4343 approbe-

195 4389 342 4428 mus.
382 4373 438 4429 Si
475 4390 603 4430 vero
631 4376 754 4442 jure
797 4373 1068 4444 primatus
1109 4372 1489 4444 Lugdunensis
1531 4371 1791 4428 Ecclesia

197 4462 504 4533 privilegiis
542 4471 596 4518 et
627 4463 950 4518 auctoritate
979 4462 1163 4516 domni
1192 4461 1361 4516 nostri
1392 4477 1548 4531 papa
1586 4459 1792 4516 Urbani

203 4563 267 4603 ae
299 4549 771 4618 praedecessorum
801 4548 917 4614 ejus
948 4547 1148 4600 firmati
1197 4562 1230 4600 a
1279 4545 1583 4601 Senonensi
1613 4545 1789 4599 electo

195 4636 556 4693 obedientiam
587 4644 639 4690 et
669 4634 1066 4706 subjectionem
1104 4634 1330 4704 primati
1375 4633 1611 4688 debitam
1659 4637 1787 4688 ante

195 4724 666 4781 consecrationem
678 4723 970 4794 exigimus,
996 4738 1095 4793 per
1112 4723 1216 4778 hoc
1239 4731 1548 4778 sanctorum
1573 4731 1786 4792 patrum

195 4812 510 4868 traditiones
538 4829 638 4867 nos
659 4811 980 4868 rescindere
1015 4812 1097 4865 vel
1131 4811 1231 4877 illi,
1265 4812 1312 4864 ai
1343 4813 1623 4882 professus
1663 4810 1786 4865 fue-

194 4901 281 4964 rit,
315 4900 551 4967 oﬁicere,
583 4901 737 4971 quasi
787 4901 888 4954 hac
941 4899 1286 4969 professione
1315 4909 1787 4955 COIISBCl'allODCm

196 5006 542 5059 comparasse
575 4990 835 5052 videatur,
869 5004 1207 5060 nequaquam
1233 4988 1640 5060 cognoscimus.
1667 5006 1785 5041 cum

194 5086 519 5156 episcOpalis
575 5085 806 5157 dignitas
859 5084 1014 5138 bonis
1072 5089 1278 5140 meritis
1307 5094 1360 5138 et
1405 5085 1673 5140 fructibus
1721 5101 1787 5138 ex

196 5183 506 5239 obedientia
545 5182 934 5254 prodeuntibus
971 5184 1177 5254 acquiri
1223 5185 1436 5248 debeat,
1469 5193 1522 5238 et
1552 5184 1604 5237 iu
1663 5198 1789 5236 exa-

195 5273 488 5328 minatione
517 5270 877 5328 consectandi
907 5272 1084 5336 electi,
1139 5280 1320 5326 utrum
1371 5272 1635 5325 Romana
1675 5271 1786 5325 Ec-

195 5362 378 5419 clesia
414 5362 680 5417 obediens
711 5376 835 5415 esse
874 5361 1000 5413 velit
1040 5369 1164 5414 ante
1195 5361 1661 5415 consecrationem
1695 5375 1787 5414 re-

199 5449 467 5521 quiratur.
506 5451 600 5502 His
642 5450 823 5518 itaque
869 5448 989 5503 freti
1042 5449 1360 5513 rationibus,
1420 5449 1566 5519 quod
1621 5448 1689 5501 de
1721 5463 1788 5502 eo

199 5538 355 5595 vobis
415 5539 499 5592 vel
559 5537 1120 5607 comprovincialibus
1177 5538 1372 5591 vestris
1422 5537 1790 5607 pracepimus

194 5635 485 5692 immutare
541 5633 820 5688 nolumus.
859 5633 913 5687 Si
944 5643 1124 5689 autem
1152 5635 1412 5688 domuum
1481 5650 1675 5703 papam
1721 5633 1790 5686 de

196 5732 489 5788 traditione
531 5730 1039 5800 probatissimorum
1092 5733 1308 5787 Patrum
1361 5729 1790 5801 pracedentium

201 5819 402 5893 aliquid
433 5818 750 5873 diminuisse
777 5817 862 5872 vel
891 5818 1210 5874 immutasse
1242 5827 1334 5875 aut
1375 5821 1671 5874 novitatem
1702 5818 1794 5873 ali-

203 5925 368 5983 quam
393 5907 679 5965 admisisse
707 5906 904 5974 dicitis,
939 5907 1024 5964 vel
1065 5909 1287 5968 decreto
1323 5908 1493 5982 ipsius
1523 5909 1591 5966 de
1639 5908 1790 5965 inve-

441 6007 704 6072 PATROL.
737 6003 974 6070 CLVII.

1813 4615 1864 4674 D

1895 1987 2055 2041 tionis
2112 1985 2288 2042 officio
2343 1987 2624 2056 fungimur
2684 1987 3050 2058 pracipimus.
3110 1987 3338 2042 Dixistis
3381 2004 3484 2044 nos

1891 2083 2251 2137 Puteacenses
2282 2099 2314 2137 a
2341 2083 2496 2138 vobis
2528 2091 2581 2136 et
2623 2083 2968 2153 coepiscopis
3011 2083 3208 2138 vestris
3263 2090 3486 2154 propter

1891 2172 2131 2240 praedam
2153 2171 2206 2224 in
2236 2187 2334 2225 vos
2373 2172 2502 2225 etin
2533 2171 2921 2226 Carnotensem
2973 2171 3274 2227 Ecclesium
3329 2187 3485 2227 com-

1891 2260 2146 2312 munione
2206 2259 2448 2330 privatos
2488 2259 2645 2314 vobis
2702 2259 3071 2314 nescientibus
3108 2259 3480 2315 communioni

1893 2347 2232 2402 reddidisse.
2273 2345 2432 2414 Quod
2459 2363 2582 2402 cum
2612 2363 2714 2402 nec
2763 2347 3000 2403 videritis
3035 2363 3136 2403 nec
3177 2347 3483 2414 audieritis,

1893 2460 2067 2516 neque
2124 2459 2222 2499 nos
2281 2443 2572 2499 fecerimus
2628 2444 2778 2508 talia,
2846 2459 3186 2515 nequaquam
3247 2443 3486 2512 objicere

1892 2532 2184 2588 deberetis.
2219 2533 2335 2587 Nos
2392 2540 2573 2586 tamen
2617 2532 2818 2587 bonum
2867 2548 2967 2602 pro
2997 2532 3142 2587 malo
3171 2532 3486 2598 reddentes,

1893 2630 1944 2677 et
1975 2622 2116 2676 hanc
2163 2620 2538 2676 contumeliam
2589 2621 2708 2675 sive
2757 2619 3182 2676 criminationem
3233 2620 3489 2675 dissimu-

1891 2709 2088 2773 lantes,
2126 2707 2552 2764 Puteacensibus
2598 2708 2899 2777 capellanis
2930 2716 2984 2763 et
3013 2708 3230 2763 clericis
3277 2707 3488 2762 litteras

1892 2797 2217 2862 direximus,
2248 2806 2298 2852 et
2328 2797 2568 2850 divinum
2599 2795 2856 2863 ofﬁcium,
2881 2805 3116 2868 excepto
3137 2794 3492 2866 parvulorum

1893 2886 2215 2956 baptismate
2257 2894 2309 2939 et
2350 2884 2687 2939 infirmorum
2736 2885 3065 2950 visitatione,
3113 2885 3314 2939 ibidem
3368 2883 3493 2940 fieri

1893 2974 2285 3045 prohibuimus.
2317 2972 2588 3041 Quoniam
2639 2981 2886 3027 nostram
2947 2973 3394 3044 redargutionem
3423 2972 3494 3026 de

1894 3062 2308 3118 consecratione
2341 3061 2644 3117 Sanctionis
2665 3061 3053 3133 graviusjusto
3082 3061 3298 3126 tulistis,
3330 3068 3498 3132 prout

1903 3151 2084 3206 exitus
2140 3149 2319 3204 divina
2371 3149 2568 3204 virtute
2619 3149 2888 3219 probabit,
2949 3149 3335 3219 omnipotentis
3393 3149 3499 3203 Dei

1348 3288 1476 3341 pum
1531 3269 1791 3326 canonice
1821 3258 1870 3321 α
1906 3238 2244 3295 clementiam
2301 3238 2664 3292 obsecramus
2712 3245 2778 3341 ‘ut
2816 3237 2982 3292 animi
3032 3237 3198 3292 vestri
3228 3245 3407 3293 motus
3437 3235 3494 3289 in

1901 3344 2000 3383 nos
2027 3327 2325 3382 immeritos
2355 3335 2664 3398 temperare
2695 3326 2978 3396 dignetur.

2622 3509 2773 3564 XIX.

1897 3627 1989 3682 Ad
2004 3626 2484 3698 archiepiscopum
2506 3625 2905 3693 Scnonemem,
2931 3639 3032 3696 pro
3061 3622 3258 3681 abbate
3297 3624 3497 3683 Sancti

2537 3713 2693 3769 Petri
2721 3714 2852 3769 Vivi.

2449 3837 2623 3907 (Ante
2653 3852 2744 3891 an.
2779 3837 2963 3907 1099.)

2392 4013 2396 4017 Α
2485 3961 2727 4034 [BALUZ.,
2760 3959 2930 4032 ibid.]

1970 4109 2129 4162 Huao
2171 4107 2554 4179 Lugdunensis
2602 4105 2876 4161 Ecclesia
2922 4120 3135 4175 servus,
3182 4103 3497 4176 apostolica

1833 4233 1846 4246 .
1898 4198 2047 4251 sedis
2088 4197 2322 4268 legatus,
2356 4195 2660 4251 venerabili
2693 4195 2848 4249 fratri
2881 4202 2933 4250 et
2965 4193 3293 4265 coepiscopo
3318 4194 3497 4249 Dm:-

1899 4301 2076 4339 aaa'ro
2109 4284 2410 4340 Senonensi
2449 4283 2886 4355 metropolitano,
2943 4282 3177 4339 salutem
3216 4290 3268 4339 et
3295 4282 3498 4341 servire

1899 4383 2132 4438 Domino
2163 4382 2214 4436 in
2247 4383 2466 4437 timore.

1971 4473 2074 4526 Pro
2102 4471 2458 4542 quorumdam
2489 4471 2780 4525 adversum
2807 4487 2906 4526 vos
2937 4471 3297 4543 querimoniis
3326 4471 3494 4527 abba-

1897 4567 2009 4614 tum
2041 4567 2342 4614 vestrorum
2374 4558 2574 4629 sapius
2611 4574 2713 4613 nos
2743 4559 2897 4615 vobis
2928 4560 3215 4630 scripsisse
3244 4558 3496 4615 memini-

1897 4665 2042 4712 mus;
2077 4648 2172 4702 sed
2194 4647 2340 4718 quod
2370 4647 2424 4699 in
2458 4646 2606 4701 nullo
2639 4648 2782 4717 apud
2817 4663 2913 4702 vos
2945 4647 3368 4719 profecerimus,
3391 4663 3494 4704 nec

1896 4745 2093 4792 vestra
2121 4735 2452 4806 dignationis
2483 4751 2746 4806 responsa
2765 4737 2949 4806 aliqua
2977 4736 3353 4804 habuerimus,
3378 4751 3492 4791 non

1896 4825 2116 4878 minima
2146 4823 2500 4878 admiratione
2528 4832 2831 4892 stupemus.
2859 4823 3000 4879 Sane
3032 4825 3078 4878 si
3109 4839 3207 4878 vos
3236 4824 3494 4879 Romana

1897 4913 2160 4967 Ecclesia
2207 4913 2418 4981 legatus
2463 4913 2675 4976 essetis,
2723 4914 2869 4966 sicut
2914 4921 3157 4965 nostrum
3201 4912 3497 4966 salubriter

1897 5012 2045 5054 esset
2080 5001 2232 5054 vobis
2262 5000 2504 5062 obedire,
2541 5001 2615 5053 ita
2650 5011 2833 5053 vestra
2865 4999 3263 5071 magniﬁrrntia
3296 5017 3360 5054 ex
3390 5015 3493 5054 au-

1897 5091 2149 5145 ctoritate
2190 5099 2388 5142 nostra
2427 5105 2593 5157 super
2633 5104 2731 5141 vos
2771 5089 3064 5154 legationis
3104 5089 3358 5159 parvitati
3389 5105 3494 5143 no-

1898 5190 2024 5234 stra
2047 5179 2268 5231 deberet
2286 5178 2572 5230 obaudire.
2591 5178 2733 5232 Ecre
2760 5178 2942 5231 itidem
2971 5178 3302 5232 veneramus
3321 5178 3494 5231 nostri

1897 5268 2078 5323 fratris
2108 5267 2320 5321 abbatis
2354 5265 2535 5320 Sancti
2591 5266 2731 5319 Petri
2766 5265 2879 5320 Vivi
2929 5267 3295 5337 querimonias
3341 5267 3496 5320 vobis

1897 5372 2272 5413 recensemus.
2327 5354 2587 5421 Queritur
2642 5355 2784 5408 enim
2826 5355 2928 5407 sub
2968 5353 3254 5408 occasione
3302 5353 3497 5408 debilis

1898 5445 2177 5514 cujusdam
2209 5443 2515 5513 presbyteri
2545 5451 2599 5495 et
2621 5442 2888 5510 justitiam
2923 5441 3270 5498 reclamantis
3299 5459 3497 5513 quam-

1899 5543 2026 5597 dam
2057 5557 2212 5595 suam
2235 5556 2266 5594 a
2290 5540 2474 5594 divino
2497 5538 2676 5594 officio
2694 5555 2791 5609 per
2811 5555 2909 5594 vos
2930 5554 3159 5594 cessare
3179 5538 3495 5607 ecclesiam,

1899 5632 2113 5686 cuidam
2143 5630 2306 5684 etiam
2349 5629 2670 5699 presbytero
2701 5627 2956 5683 defuncto
3000 5628 3149 5682 nulla
3177 5627 3336 5698 culpa
3365 5629 3497 5683 dum

1901 5730 2078 5784 adhuc
2107 5729 2314 5783 viveret
2337 5734 2539 5790 notato,
2573 5725 2712 5780 bene
2761 5735 2813 5780 et
2863 5725 3136 5796 sapienter
3189 5733 3404 5793 testato,
3438 5743 3500 5781 se

1900 5819 2177 5888 pulturam
2207 5823 2486 5886 negatam,
2520 5813 2654 5883 ipsis
2683 5829 2902 5885 quoque
2942 5813 3033 5884 qui
3055 5814 3309 5869 eumdem
3331 5813 3418 5884 pie
3448 5823 3504 5868 et

1903 5905 2146 5964 oﬂiciose
2177 5902 2520 5976 sepelierunt
2547 5902 2988 5960 communionem
3033 5902 3282 5962 ecclesia
3327 5901 3501 5956 inter—

3187 6002 3258 6063 17
