  <div class='ocr_page' id='page_1' title='image "/cluster/home/n/w/nwhite01/storage/ocr_20150623/156-157/uc1.31175010662024/903.png"; bbox 0 0 3882 6470; ppageno 0'>
   <div class='ocr_carea' id='block_1_1' title="bbox 547 381 3848 509">
    <p class='ocr_par' dir='ltr' id='par_1_1' title="bbox 547 381 3848 509">
     <span class='ocr_line' id='line_1_1' title="bbox 547 381 3848 509; baseline 0.022 -74"><span class='ocrx_word' id='word_1_1' title='bbox 547 381 650 438; x_wconf 77' lang='grc'>523</span> <span class='ocrx_word' id='word_1_2' title='bbox 1464 400 1712 457; x_wconf 86' lang='lat' dir='ltr'>HUGON</span> <span class='ocrx_word' id='word_1_3' title='bbox 1717 405 1778 459; x_wconf 86' lang='lat' dir='ltr'>IS</span> <span class='ocrx_word' id='word_1_4' title='bbox 1815 406 2320 473; x_wconf 73' lang='lat' dir='ltr'>LUGDUNENSIS</span> <span class='ocrx_word' id='word_1_5' title='bbox 2355 421 2891 488; x_wconf 82' lang='lat' dir='ltr'>ARCHIEPISCOPI</span> <span class='ocrx_word' id='word_1_6' title='bbox 2903 477 2917 489; x_wconf 94' lang='lat'>.</span> <span class='ocrx_word' id='word_1_7' title='bbox 3772 457 3848 509; x_wconf 63' lang='lat'>524</span> 
     </span>
    </p>
   </div>
   <div class='ocr_carea' id='block_1_2' title="bbox 547 505 2729 608">
    <p class='ocr_par' dir='ltr' id='par_1_2' title="bbox 547 505 2729 608">
     <span class='ocr_line' id='line_1_2' title="bbox 547 505 2729 608; baseline 0.023 -49"><span class='ocrx_word' id='word_1_8' title='bbox 547 505 774 562; x_wconf 83' lang='lat' dir='ltr'>dictam.</span> <span class='ocrx_word' id='word_1_9' title='bbox 830 511 1150 570; x_wconf 85' lang='lat' dir='ltr'>Mandamus</span> <span class='ocrx_word' id='word_1_10' title='bbox 1179 517 1344 588; x_wconf 78' lang='lat' dir='ltr'>igitur</span> <span class='ocrx_word' id='word_1_11' title='bbox 1373 529 1424 576; x_wconf 91' lang='lat' dir='ltr'>et</span> <span class='ocrx_word' id='word_1_12' title='bbox 1457 523 1598 579; x_wconf 91' lang='lat' dir='ltr'>sicut</span> <span class='ocrx_word' id='word_1_13' title='bbox 1635 527 1854 585; x_wconf 79' lang='lat' dir='ltr'>fratrem</span> <span class='ocrx_word' id='word_1_14' title='bbox 1886 536 2145 592; x_wconf 91' lang='lat' dir='ltr'>attentius</span> <span class='ocrx_word' id='word_1_15' title='bbox 2175 541 2228 600; x_wconf 82' lang='lat' dir='ltr'><strong>A</strong></span> <span class='ocrx_word' id='word_1_16' title='bbox 2257 541 2409 600; x_wconf 78' lang='lat' dir='ltr'>fratri</span> <span class='ocrx_word' id='word_1_17' title='bbox 2465 549 2729 608; x_wconf 75' lang='lat' dir='ltr'>Roaaa&#39;ro</span> 
     </span>
    </p>
   </div>
   <div class='ocr_carea' id='block_1_3' title="bbox 546 605 2148 692">
    <p class='ocr_par' dir='ltr' id='par_1_3' title="bbox 546 605 2148 692">
     <span class='ocr_line' id='line_1_3' title="bbox 546 605 2148 692; baseline 0.018 -42"><span class='ocrx_word' id='word_1_18' title='bbox 546 609 959 656; x_wconf 84' lang='lat' dir='ltr'>commonemus</span> <span class='ocrx_word' id='word_1_19' title='bbox 987 611 1044 657; x_wconf 91' lang='lat' dir='ltr'>ut</span> <span class='ocrx_word' id='word_1_20' title='bbox 1073 605 1385 663; x_wconf 85' lang='lat' dir='ltr'>intermissa</span> <span class='ocrx_word' id='word_1_21' title='bbox 1419 621 1622 680; x_wconf 87' lang='lat' dir='ltr'>vestra,</span> <span class='ocrx_word' id='word_1_22' title='bbox 1658 618 1704 670; x_wconf 90' lang='lat' dir='ltr'>si</span> <span class='ocrx_word' id='word_1_23' title='bbox 1727 630 1954 688; x_wconf 88' lang='lat' dir='ltr'>quaest,</span> <span class='ocrx_word' id='word_1_24' title='bbox 1983 623 2148 692; x_wconf 89' lang='lat' dir='ltr'>justi-</span> 
     </span>
    </p>
   </div>
   <div class='ocr_carea' id='block_1_4' title="bbox 548 683 2154 778">
    <p class='ocr_par' dir='ltr' id='par_1_4' title="bbox 548 683 2154 778">
     <span class='ocr_line' id='line_1_4' title="bbox 548 683 2154 778; baseline 0.02 -41"><span class='ocrx_word' id='word_1_25' title='bbox 548 683 643 752; x_wconf 91' lang='lat' dir='ltr'>tia,</span> <span class='ocrx_word' id='word_1_26' title='bbox 677 687 863 742; x_wconf 85' lang='lat' dir='ltr'>abbati</span> <span class='ocrx_word' id='word_1_27' title='bbox 895 698 946 743; x_wconf 91' lang='lat' dir='ltr'>et</span> <span class='ocrx_word' id='word_1_28' title='bbox 975 693 1222 748; x_wconf 89' lang='lat' dir='ltr'>ecclesiis</span> <span class='ocrx_word' id='word_1_29' title='bbox 1246 697 1362 751; x_wconf 88' lang='lat' dir='ltr'>suis</span> <span class='ocrx_word' id='word_1_30' title='bbox 1384 715 1576 769; x_wconf 88' lang='lat' dir='ltr'>pacem</span> <span class='ocrx_word' id='word_1_31' title='bbox 1599 709 1952 778; x_wconf 86' lang='lat' dir='ltr'>conservetis,</span> <span class='ocrx_word' id='word_1_32' title='bbox 1973 711 2154 768; x_wconf 85' lang='lat' dir='ltr'>taliter</span> 
     </span>
    </p>
   </div>
   <div class='ocr_carea' id='block_1_5' title="bbox 547 779 2150 860">
    <p class='ocr_par' dir='ltr' id='par_1_5' title="bbox 547 779 2150 860">
     <span class='ocr_line' id='line_1_5' title="bbox 547 779 2150 860; baseline 0.019 -32"><span class='ocrx_word' id='word_1_33' title='bbox 547 779 1048 834; x_wconf 85' lang='lat' dir='ltr'>excommunicatos</span> <span class='ocrx_word' id='word_1_34' title='bbox 1079 782 1354 840; x_wconf 83' lang='lat' dir='ltr'>salubrius</span> <span class='ocrx_word' id='word_1_35' title='bbox 1401 790 1716 860; x_wconf 79' lang='lat' dir='ltr'>absolvatis,</span> <span class='ocrx_word' id='word_1_36' title='bbox 1752 805 1804 850; x_wconf 91' lang='lat' dir='ltr'>et</span> <span class='ocrx_word' id='word_1_37' title='bbox 1831 797 1886 851; x_wconf 91' lang='lat' dir='ltr'>in</span> <span class='ocrx_word' id='word_1_38' title='bbox 1918 801 2150 858; x_wconf 90' lang='lat' dir='ltr'>concilio</span> 
     </span>
    </p>
   </div>
   <div class='ocr_carea' id='block_1_6' title="bbox 547 863 2146 961">
    <p class='ocr_par' dir='ltr' id='par_1_6' title="bbox 547 863 2146 961">
     <span class='ocr_line' id='line_1_6' title="bbox 547 863 2146 961; baseline 0.021 -49"><span class='ocrx_word' id='word_1_39' title='bbox 547 863 692 932; x_wconf 90' lang='lat' dir='ltr'>quod</span> <span class='ocrx_word' id='word_1_40' title='bbox 727 867 963 922; x_wconf 89' lang='lat' dir='ltr'>secunda</span> <span class='ocrx_word' id='word_1_41' title='bbox 999 878 1120 939; x_wconf 89' lang='lat' dir='ltr'>post</span> <span class='ocrx_word' id='word_1_42' title='bbox 1163 882 1382 929; x_wconf 87' lang='lat' dir='ltr'>octavas</span> <span class='ocrx_word' id='word_1_43' title='bbox 1415 877 1770 938; x_wconf 88' lang='lat' dir='ltr'>Pentecostes</span> <span class='ocrx_word' id='word_1_44' title='bbox 1814 885 1952 942; x_wconf 90' lang='lat' dir='ltr'>feria</span> <span class='ocrx_word' id='word_1_45' title='bbox 1981 889 2146 961; x_wconf 87' lang='lat' dir='ltr'>adju-</span> 
     </span>
    </p>
   </div>
   <div class='ocr_carea' id='block_1_7' title="bbox 543 953 2210 1034">
    <p class='ocr_par' dir='ltr' id='par_1_7' title="bbox 543 953 2210 1034">
     <span class='ocr_line' id='line_1_7' title="bbox 543 953 2210 1034; baseline 0.019 -31"><span class='ocrx_word' id='word_1_46' title='bbox 543 958 702 1006; x_wconf 88' lang='lat' dir='ltr'>vante</span> <span class='ocrx_word' id='word_1_47' title='bbox 723 953 957 1011; x_wconf 91' lang='lat' dir='ltr'>Domino</span> <span class='ocrx_word' id='word_1_48' title='bbox 988 956 1176 1014; x_wconf 91' lang='lat' dir='ltr'>Trecis</span> <span class='ocrx_word' id='word_1_49' title='bbox 1233 963 1562 1021; x_wconf 84' lang='lat' dir='ltr'>celebraturi</span> <span class='ocrx_word' id='word_1_50' title='bbox 1621 987 1811 1027; x_wconf 91' lang='lat' dir='ltr'>sumus</span> <span class='ocrx_word' id='word_1_51' title='bbox 1841 975 1910 1030; x_wconf 93' lang='lat' dir='ltr'>de</span> <span class='ocrx_word' id='word_1_52' title='bbox 1947 977 2146 1034; x_wconf 82' lang='lat' dir='ltr'>vestris</span> <span class='ocrx_word' id='word_1_53' title='bbox 2193 1015 2210 1024; x_wconf 89' lang='lat'><strong>-</strong></span> 
     </span>
    </p>
   </div>
   <div class='ocr_carea' id='block_1_8' title="bbox 539 1035 2144 1127">
    <p class='ocr_par' dir='ltr' id='par_1_8' title="bbox 539 1035 2144 1127">
     <span class='ocr_line' id='line_1_8' title="bbox 539 1035 2144 1127; baseline 0.018 -40"><span class='ocrx_word' id='word_1_54' title='bbox 539 1035 746 1105; x_wconf 85' lang='lat' dir='ltr'>pariter</span> <span class='ocrx_word' id='word_1_55' title='bbox 771 1053 838 1094; x_wconf 89' lang='lat' dir='ltr'>ac</span> <span class='ocrx_word' id='word_1_56' title='bbox 867 1041 1115 1109; x_wconf 91' lang='lat' dir='ltr'>ejusdem</span> <span class='ocrx_word' id='word_1_57' title='bbox 1146 1045 1360 1102; x_wconf 87' lang='lat' dir='ltr'>abbatis</span> <span class='ocrx_word' id='word_1_58' title='bbox 1392 1051 1753 1121; x_wconf 86' lang='lat' dir='ltr'>querimoniis</span> <span class='ocrx_word' id='word_1_59' title='bbox 1787 1058 2052 1127; x_wconf 86' lang='lat' dir='ltr'>justitiam</span> <span class='ocrx_word' id='word_1_60' title='bbox 2091 1071 2144 1116; x_wconf 91' lang='lat' dir='ltr'>et</span> 
     </span>
    </p>
   </div>
   <div class='ocr_carea' id='block_1_9' title="bbox 539 1131 2142 1223">
    <p class='ocr_par' dir='ltr' id='par_1_9' title="bbox 539 1131 2142 1223">
     <span class='ocr_line' id='line_1_9' title="bbox 539 1131 2142 1223; baseline 0.017 -38"><span class='ocrx_word' id='word_1_61' title='bbox 539 1131 822 1203; x_wconf 89' lang='lat' dir='ltr'>accipiatis</span> <span class='ocrx_word' id='word_1_62' title='bbox 851 1143 904 1192; x_wconf 92' lang='lat' dir='ltr'>et</span> <span class='ocrx_word' id='word_1_63' title='bbox 932 1138 1261 1200; x_wconf 89' lang='lat' dir='ltr'>exhibeatis.</span> <span class='ocrx_word' id='word_1_64' title='bbox 1328 1146 1638 1205; x_wconf 84' lang='lat' dir='ltr'>Verendum</span> <span class='ocrx_word' id='word_1_65' title='bbox 1685 1153 1932 1223; x_wconf 87' lang='lat' dir='ltr'>profecto</span> <span class='ocrx_word' id='word_1_66' title='bbox 1987 1157 2142 1214; x_wconf 82' lang='lat' dir='ltr'>vobis</span> 
     </span>
    </p>
   </div>
   <div class='ocr_carea' id='block_1_10' title="bbox 539 1223 2138 1302">
    <p class='ocr_par' dir='ltr' id='par_1_10' title="bbox 539 1223 2138 1302">
     <span class='ocr_line' id='line_1_10' title="bbox 539 1223 2138 1302; baseline 0.018 -29"><span class='ocrx_word' id='word_1_67' title='bbox 539 1229 638 1287; x_wconf 91' lang='lat' dir='ltr'>est,</span> <span class='ocrx_word' id='word_1_68' title='bbox 673 1223 719 1276; x_wconf 86' lang='lat' dir='ltr'>si</span> <span class='ocrx_word' id='word_1_69' title='bbox 747 1223 910 1281; x_wconf 79' lang='lat' dir='ltr'>aliter</span> <span class='ocrx_word' id='word_1_70' title='bbox 939 1229 1187 1299; x_wconf 90' lang='lat' dir='ltr'>egeritis,</span> <span class='ocrx_word' id='word_1_71' title='bbox 1211 1248 1281 1288; x_wconf 92' lang='lat' dir='ltr'>ne</span> <span class='ocrx_word' id='word_1_72' title='bbox 1311 1237 1560 1293; x_wconf 87' lang='lat' dir='ltr'>etsacris</span> <span class='ocrx_word' id='word_1_73' title='bbox 1582 1239 1818 1297; x_wconf 87' lang='lat' dir='ltr'>obvietis</span> <span class='ocrx_word' id='word_1_74' title='bbox 1838 1246 2138 1302; x_wconf 89' lang='lat' dir='ltr'>cauonibus</span> 
     </span>
    </p>
   </div>
   <div class='ocr_carea' id='block_1_11' title="bbox 535 1309 2134 1399">
    <p class='ocr_par' dir='ltr' id='par_1_11' title="bbox 535 1309 2134 1399">
     <span class='ocr_line' id='line_1_11' title="bbox 535 1309 2134 1399; baseline 0.017 -36"><span class='ocrx_word' id='word_1_75' title='bbox 535 1315 587 1363; x_wconf 92' lang='lat' dir='ltr'>et</span> <span class='ocrx_word' id='word_1_76' title='bbox 615 1309 801 1366; x_wconf 91' lang='lat' dir='ltr'>domui</span> <span class='ocrx_word' id='word_1_77' title='bbox 831 1329 990 1386; x_wconf 71' lang='lat' dir='ltr'>papae</span> <span class='ocrx_word' id='word_1_78' title='bbox 1019 1317 1452 1392; x_wconf 82' lang='lat' dir='ltr'>indignationem</span> <span class='ocrx_word' id='word_1_79' title='bbox 1491 1327 1834 1399; x_wconf 83' lang='lat' dir='ltr'>aliquatenus</span> <span class='ocrx_word' id='word_1_80' title='bbox 1884 1332 2134 1389; x_wconf 84' lang='lat' dir='ltr'>incurra-</span> 
     </span>
    </p>
   </div>
   <div class='ocr_carea' id='block_1_12' title="bbox 530 1397 2132 1486">
    <p class='ocr_par' dir='ltr' id='par_1_12' title="bbox 530 1397 2132 1486">
     <span class='ocr_line' id='line_1_12' title="bbox 530 1397 2132 1486; baseline 0.017 -34"><span class='ocrx_word' id='word_1_81' title='bbox 530 1397 620 1465; x_wconf 85' lang='lat' dir='ltr'>tis,</span> <span class='ocrx_word' id='word_1_82' title='bbox 652 1415 682 1454; x_wconf 89' lang='lat' dir='ltr'>a</span> <span class='ocrx_word' id='word_1_83' title='bbox 713 1403 866 1471; x_wconf 86' lang='lat' dir='ltr'>cujus</span> <span class='ocrx_word' id='word_1_84' title='bbox 896 1405 1218 1464; x_wconf 88' lang='lat' dir='ltr'>liberalitate</span> <span class='ocrx_word' id='word_1_85' title='bbox 1257 1397 1602 1486; x_wconf 78' lang='lat' dir='ltr'>privilegium</span> <span class='ocrx_word' id='word_1_86' title='bbox 1642 1418 1787 1474; x_wconf 90' lang='lat' dir='ltr'>idem</span> <span class='ocrx_word' id='word_1_87' title='bbox 1818 1421 1994 1476; x_wconf 83' lang='lat' dir='ltr'>abbas</span> <span class='ocrx_word' id='word_1_88' title='bbox 2026 1441 2132 1478; x_wconf 90' lang='lat' dir='ltr'>nu-</span> 
     </span>
    </p>
   </div>
   <div class='ocr_carea' id='block_1_13' title="bbox 529 1488 2128 1576">
    <p class='ocr_par' dir='ltr' id='par_1_13' title="bbox 529 1488 2128 1576">
     <span class='ocr_line' id='line_1_13' title="bbox 529 1488 2128 1576; baseline 0.016 -35"><span class='ocrx_word' id='word_1_89' title='bbox 529 1488 765 1558; x_wconf 84' lang='lat' dir='ltr'>perrime</span> <span class='ocrx_word' id='word_1_90' title='bbox 826 1504 1130 1564; x_wconf 87' lang='lat' dir='ltr'>acceperat,</span> <span class='ocrx_word' id='word_1_91' title='bbox 1166 1506 1220 1553; x_wconf 90' lang='lat' dir='ltr'>et</span> <span class='ocrx_word' id='word_1_92' title='bbox 1249 1504 1348 1556; x_wconf 86' lang='lat' dir='ltr'>hac</span> <span class='ocrx_word' id='word_1_93' title='bbox 1403 1519 1620 1576; x_wconf 83' lang='lat' dir='ltr'>quoque</span> <span class='ocrx_word' id='word_1_94' title='bbox 1679 1507 1796 1565; x_wconf 89' lang='lat' dir='ltr'>vice</span> <span class='ocrx_word' id='word_1_95' title='bbox 1826 1519 2011 1566; x_wconf 89' lang='lat' dir='ltr'>nostra</span> <span class='ocrx_word' id='word_1_96' title='bbox 2046 1512 2128 1570; x_wconf 81' lang='lat' dir='ltr'>vi-</span> 
     </span>
    </p>
   </div>
   <div class='ocr_carea' id='block_1_14' title="bbox 527 1575 1509 1656">
    <p class='ocr_par' dir='ltr' id='par_1_14' title="bbox 527 1575 1509 1656">
     <span class='ocr_line' id='line_1_14' title="bbox 527 1575 1509 1656; baseline 0.016 -24"><span class='ocrx_word' id='word_1_97' title='bbox 527 1575 764 1633; x_wconf 89' lang='lat' dir='ltr'>deamini</span> <span class='ocrx_word' id='word_1_98' title='bbox 797 1585 1195 1656; x_wconf 89' lang='lat' dir='ltr'>contempsisse</span> <span class='ocrx_word' id='word_1_99' title='bbox 1224 1591 1509 1648; x_wconf 88' lang='lat' dir='ltr'>mandata.</span> 
     </span>
    </p>
   </div>
   <div class='ocr_carea' id='block_1_15' title="bbox 2786 557 3848 642">
    <p class='ocr_par' dir='ltr' id='par_1_15' title="bbox 2786 557 3848 642">
     <span class='ocr_line' id='line_1_15' title="bbox 2786 557 3848 642; baseline 0.019 -31"><span class='ocrx_word' id='word_1_100' title='bbox 2786 557 3212 632; x_wconf 87' lang='lat' dir='ltr'>Lingonensium</span> <span class='ocrx_word' id='word_1_101' title='bbox 3266 568 3551 642; x_wconf 81' lang='lat' dir='ltr'>episcopo,</span> <span class='ocrx_word' id='word_1_102' title='bbox 3615 574 3848 631; x_wconf 82' lang='lat' dir='ltr'>salutem.</span> 
     </span>
    </p>
   </div>
   <div class='ocr_carea' id='block_1_16' title="bbox 2333 641 3848 744">
    <p class='ocr_par' dir='ltr' id='par_1_16' title="bbox 2333 641 3848 744">
     <span class='ocr_line' id='line_1_16' title="bbox 2333 641 3848 744; baseline 0.021 -47"><span class='ocrx_word' id='word_1_103' title='bbox 2333 641 2438 710; x_wconf 86' lang='lat' dir='ltr'>Qui</span> <span class='ocrx_word' id='word_1_104' title='bbox 2464 647 2533 701; x_wconf 92' lang='lat' dir='ltr'>de</span> <span class='ocrx_word' id='word_1_105' title='bbox 2565 653 2788 723; x_wconf 88' lang='lat' dir='ltr'>negotio</span> <span class='ocrx_word' id='word_1_106' title='bbox 2819 655 3186 717; x_wconf 84' lang='lat' dir='ltr'>Molismensis</span> <span class='ocrx_word' id='word_1_107' title='bbox 3207 641 3477 724; x_wconf 65' lang='lat' dir='ltr'>Ecclesia:</span> <span class='ocrx_word' id='word_1_108' title='bbox 3501 669 3561 723; x_wconf 87' lang='lat' dir='ltr'>in</span> <span class='ocrx_word' id='word_1_109' title='bbox 3582 671 3848 744; x_wconf 84' lang='lat' dir='ltr'>colloquio</span> 
     </span>
    </p>
   </div>
   <div class='ocr_carea' id='block_1_17' title="bbox 2259 732 3845 818">
    <p class='ocr_par' dir='ltr' id='par_1_17' title="bbox 2259 732 3845 818">
     <span class='ocr_line' id='line_1_17' title="bbox 2259 732 3845 818; baseline 0.023 -36"><span class='ocrx_word' id='word_1_110' title='bbox 2259 732 2404 799; x_wconf 89' lang='lat' dir='ltr'>apud</span> <span class='ocrx_word' id='word_1_111' title='bbox 2432 745 2648 802; x_wconf 89' lang='lat' dir='ltr'>portum</span> <span class='ocrx_word' id='word_1_112' title='bbox 2677 743 2900 800; x_wconf 69' lang='lat' dir='ltr'>Ansillm</span> <span class='ocrx_word' id='word_1_113' title='bbox 2929 763 3104 818; x_wconf 88' lang='lat' dir='ltr'>nuper</span> <span class='ocrx_word' id='word_1_114' title='bbox 3131 752 3312 808; x_wconf 87' lang='lat' dir='ltr'>habito</span> <span class='ocrx_word' id='word_1_115' title='bbox 3341 754 3734 816; x_wconf 85' lang='lat' dir='ltr'>definierimus</span> <span class='ocrx_word' id='word_1_116' title='bbox 3755 732 3845 817; x_wconf 67' lang='lat' dir='ltr'>fra-</span> 
     </span>
    </p>
   </div>
   <div class='ocr_carea' id='block_1_18' title="bbox 2259 820 3842 907">
    <p class='ocr_par' dir='ltr' id='par_1_18' title="bbox 2259 820 3842 907">
     <span class='ocr_line' id='line_1_18' title="bbox 2259 820 3842 907; baseline 0.024 -37"><span class='ocrx_word' id='word_1_117' title='bbox 2259 820 2490 876; x_wconf 86' lang='lat' dir='ltr'>ternitati</span> <span class='ocrx_word' id='word_1_118' title='bbox 2519 833 2720 884; x_wconf 67' lang='lat' dir='ltr'>vestra:</span> <span class='ocrx_word' id='word_1_119' title='bbox 2739 831 3028 892; x_wconf 82' lang='lat' dir='ltr'>notiﬁcare</span> <span class='ocrx_word' id='word_1_120' title='bbox 3055 843 3422 898; x_wconf 87' lang='lat' dir='ltr'>necessarium</span> <span class='ocrx_word' id='word_1_121' title='bbox 3452 845 3740 906; x_wconf 82' lang='lat' dir='ltr'>duximus.</span> <span class='ocrx_word' id='word_1_122' title='bbox 3757 852 3842 907; x_wconf 74' lang='lat' dir='ltr'>Ve-</span> 
     </span>
    </p>
   </div>
   <div class='ocr_carea' id='block_1_19' title="bbox 2255 918 3840 995">
    <p class='ocr_par' dir='ltr' id='par_1_19' title="bbox 2255 918 3840 995">
     <span class='ocr_line' id='line_1_19' title="bbox 2255 918 3840 995; baseline 0.022 -35"><span class='ocrx_word' id='word_1_123' title='bbox 2255 919 2454 964; x_wconf 90' lang='lat' dir='ltr'>nerunt</span> <span class='ocrx_word' id='word_1_124' title='bbox 2482 921 2606 969; x_wconf 88' lang='lat' dir='ltr'>ante</span> <span class='ocrx_word' id='word_1_125' title='bbox 2629 932 2726 972; x_wconf 93' lang='lat' dir='ltr'>nos</span> <span class='ocrx_word' id='word_1_126' title='bbox 2745 918 2874 976; x_wconf 90' lang='lat' dir='ltr'>illuc</span> <span class='ocrx_word' id='word_1_127' title='bbox 2903 937 3022 978; x_wconf 92' lang='lat' dir='ltr'>cum</span> <span class='ocrx_word' id='word_1_128' title='bbox 3057 925 3240 983; x_wconf 89' lang='lat' dir='ltr'>litteris</span> <span class='ocrx_word' id='word_1_129' title='bbox 3271 933 3468 988; x_wconf 82' lang='lat' dir='ltr'>vestris</span> <span class='ocrx_word' id='word_1_130' title='bbox 3529 937 3840 995; x_wconf 82' lang='lat' dir='ltr'>Molismen-</span> 
     </span>
    </p>
   </div>
   <div class='ocr_carea' id='block_1_20' title="bbox 2253 1003 3836 1092">
    <p class='ocr_par' dir='ltr' id='par_1_20' title="bbox 2253 1003 3836 1092">
     <span class='ocr_line' id='line_1_20' title="bbox 2253 1003 3836 1092; baseline 0.024 -44"><span class='ocrx_word' id='word_1_131' title='bbox 2253 1011 2343 1050; x_wconf 90' lang='lat' dir='ltr'>ses</span> <span class='ocrx_word' id='word_1_132' title='bbox 2373 1003 2622 1058; x_wconf 87' lang='lat' dir='ltr'>monachi</span> <span class='ocrx_word' id='word_1_133' title='bbox 2652 1005 2756 1062; x_wconf 94' lang='lat' dir='ltr'>loci</span> <span class='ocrx_word' id='word_1_134' title='bbox 2787 1009 2870 1064; x_wconf 90' lang='lat' dir='ltr'>sui</span> <span class='ocrx_word' id='word_1_135' title='bbox 2899 1011 3292 1073; x_wconf 87' lang='lat' dir='ltr'>desolationem</span> <span class='ocrx_word' id='word_1_136' title='bbox 3313 1027 3476 1092; x_wconf 81' lang='lat' dir='ltr'>atque</span> <span class='ocrx_word' id='word_1_137' title='bbox 3507 1023 3836 1085; x_wconf 84' lang='lat' dir='ltr'>destructio-</span> 
     </span>
    </p>
   </div>
   <div class='ocr_carea' id='block_1_21' title="bbox 2249 1099 3836 1174">
    <p class='ocr_par' dir='ltr' id='par_1_21' title="bbox 2249 1099 3836 1174">
     <span class='ocr_line' id='line_1_21' title="bbox 2249 1099 3836 1174; baseline 0.024 -37"><span class='ocrx_word' id='word_1_138' title='bbox 2249 1100 2376 1140; x_wconf 89' lang='lat' dir='ltr'>nem</span> <span class='ocrx_word' id='word_1_139' title='bbox 2401 1105 2560 1159; x_wconf 88' lang='lat' dir='ltr'>quam</span> <span class='ocrx_word' id='word_1_140' title='bbox 2591 1109 2688 1162; x_wconf 90' lang='lat' dir='ltr'>per</span> <span class='ocrx_word' id='word_1_141' title='bbox 2711 1099 3064 1156; x_wconf 89' lang='lat' dir='ltr'>remotionem</span> <span class='ocrx_word' id='word_1_142' title='bbox 3097 1104 3320 1162; x_wconf 82' lang='lat' dir='ltr'>Roberti</span> <span class='ocrx_word' id='word_1_143' title='bbox 3346 1109 3571 1168; x_wconf 82' lang='lat' dir='ltr'>abbatis</span> <span class='ocrx_word' id='word_1_144' title='bbox 3601 1115 3836 1174; x_wconf 74' lang='lat' dir='ltr'>incurre-</span> 
     </span>
    </p>
   </div>
   <div class='ocr_carea' id='block_1_22' title="bbox 2249 1177 3833 1271">
    <p class='ocr_par' dir='ltr' id='par_1_22' title="bbox 2249 1177 3833 1271">
     <span class='ocr_line' id='line_1_22' title="bbox 2249 1177 3833 1271; baseline 0.023 -49"><span class='ocrx_word' id='word_1_145' title='bbox 2249 1179 2373 1224; x_wconf 90' lang='lat' dir='ltr'>rant</span> <span class='ocrx_word' id='word_1_146' title='bbox 2414 1177 2788 1247; x_wconf 78' lang='lat' dir='ltr'>ostendentes,</span> <span class='ocrx_word' id='word_1_147' title='bbox 2845 1182 3136 1257; x_wconf 86' lang='lat' dir='ltr'>ipsumque</span> <span class='ocrx_word' id='word_1_148' title='bbox 3181 1190 3288 1246; x_wconf 86' lang='lat' dir='ltr'>sibi</span> <span class='ocrx_word' id='word_1_149' title='bbox 3337 1195 3498 1250; x_wconf 84' lang='lat' dir='ltr'>reddi</span> <span class='ocrx_word' id='word_1_150' title='bbox 3541 1197 3599 1252; x_wconf 90' lang='lat' dir='ltr'>in</span> <span class='ocrx_word' id='word_1_151' title='bbox 3641 1210 3833 1271; x_wconf 83' lang='lat' dir='ltr'>patrem</span> 
     </span>
    </p>
   </div>
   <div class='ocr_carea' id='block_1_23' title="bbox 2246 1269 3830 1361">
    <p class='ocr_par' dir='ltr' id='par_1_23' title="bbox 2246 1269 3830 1361">
     <span class='ocr_line' id='line_1_23' title="bbox 2246 1269 3830 1361; baseline 0.023 -52"><span class='ocrx_word' id='word_1_152' title='bbox 2246 1272 2579 1332; x_wconf 81' lang='lat' dir='ltr'>magnopere</span> <span class='ocrx_word' id='word_1_153' title='bbox 2610 1269 2971 1337; x_wconf 89' lang='lat' dir='ltr'>postulantes.</span> <span class='ocrx_word' id='word_1_154' title='bbox 2987 1275 3148 1332; x_wconf 91' lang='lat' dir='ltr'>Nullo</span> <span class='ocrx_word' id='word_1_155' title='bbox 3176 1279 3338 1336; x_wconf 93' lang='lat' dir='ltr'>modo</span> <span class='ocrx_word' id='word_1_156' title='bbox 3358 1284 3506 1339; x_wconf 81' lang='lat' dir='ltr'>enim</span> <span class='ocrx_word' id='word_1_157' title='bbox 3538 1269 3707 1344; x_wconf 76' lang='lat' dir='ltr'>aliter</span> <span class='ocrx_word' id='word_1_158' title='bbox 3733 1307 3830 1361; x_wconf 72' lang='lat' dir='ltr'>spe</span> 
     </span>
    </p>
   </div>
   <div class='ocr_carea' id='block_1_24' title="bbox 2244 1347 3828 1449">
    <p class='ocr_par' dir='ltr' id='par_1_24' title="bbox 2244 1347 3828 1449">
     <span class='ocr_line' id='line_1_24' title="bbox 2244 1347 3828 1449; baseline 0.023 -50"><span class='ocrx_word' id='word_1_159' title='bbox 2244 1347 2436 1404; x_wconf 87' lang='lat' dir='ltr'>rabant</span> <span class='ocrx_word' id='word_1_160' title='bbox 2464 1367 2656 1421; x_wconf 91' lang='lat' dir='ltr'>pacem</span> <span class='ocrx_word' id='word_1_161' title='bbox 2685 1365 2738 1412; x_wconf 92' lang='lat' dir='ltr'>et</span> <span class='ocrx_word' id='word_1_162' title='bbox 2765 1359 2997 1430; x_wconf 89' lang='lat' dir='ltr'>quietem</span> <span class='ocrx_word' id='word_1_163' title='bbox 3022 1365 3355 1426; x_wconf 83' lang='lat' dir='ltr'>Molismeusi</span> <span class='ocrx_word' id='word_1_164' title='bbox 3377 1371 3656 1432; x_wconf 62' lang='lat' dir='ltr'>Ecclesia</span> <span class='ocrx_word' id='word_1_165' title='bbox 3687 1347 3828 1449; x_wconf 73' lang='lat' dir='ltr'>posse</span> 
     </span>
    </p>
   </div>
   <div class='ocr_carea' id='block_1_25' title="bbox 2241 1437 3828 1534">
    <p class='ocr_par' dir='ltr' id='par_1_25' title="bbox 2241 1437 3828 1534">
     <span class='ocr_line' id='line_1_25' title="bbox 2241 1437 3828 1534; baseline 0.023 -47"><span class='ocrx_word' id='word_1_166' title='bbox 2241 1437 2448 1492; x_wconf 86' lang='lat' dir='ltr'>restitui</span> <span class='ocrx_word' id='word_1_167' title='bbox 2472 1441 2552 1495; x_wconf 86' lang='lat' dir='ltr'>vel</span> <span class='ocrx_word' id='word_1_168' title='bbox 2584 1447 2866 1504; x_wconf 90' lang='lat' dir='ltr'>monastici</span> <span class='ocrx_word' id='word_1_169' title='bbox 2898 1452 3106 1508; x_wconf 88' lang='lat' dir='ltr'>ordinis</span> <span class='ocrx_word' id='word_1_170' title='bbox 3137 1455 3378 1529; x_wconf 82' lang='lat' dir='ltr'>vigorem</span> <span class='ocrx_word' id='word_1_171' title='bbox 3408 1460 3828 1534; x_wconf 74' lang='lat' dir='ltr'>inpristinumst:</span> 
     </span>
    </p>
   </div>
   <div class='ocr_carea' id='block_1_26' title="bbox 2240 1534 3822 1626">
    <p class='ocr_par' dir='ltr' id='par_1_26' title="bbox 2240 1534 3822 1626">
     <span class='ocr_line' id='line_1_26' title="bbox 2240 1534 3822 1626; baseline 0.023 -41"><span class='ocrx_word' id='word_1_172' title='bbox 2240 1539 2349 1588; x_wconf 92' lang='lat' dir='ltr'>tum</span> <span class='ocrx_word' id='word_1_173' title='bbox 2365 1534 2478 1591; x_wconf 89' lang='lat' dir='ltr'>illic</span> <span class='ocrx_word' id='word_1_174' title='bbox 2498 1543 2767 1598; x_wconf 87' lang='lat' dir='ltr'>revocari.</span> <span class='ocrx_word' id='word_1_175' title='bbox 2785 1546 2970 1602; x_wconf 79' lang='lat' dir='ltr'>Adfuit</span> <span class='ocrx_word' id='word_1_176' title='bbox 2988 1550 3151 1606; x_wconf 85' lang='lat' dir='ltr'>etiam</span> <span class='ocrx_word' id='word_1_177' title='bbox 3165 1553 3238 1608; x_wconf 91' lang='lat' dir='ltr'>ibi</span> <span class='ocrx_word' id='word_1_178' title='bbox 3261 1555 3315 1610; x_wconf 92' lang='lat' dir='ltr'>in</span> <span class='ocrx_word' id='word_1_179' title='bbox 3329 1562 3624 1626; x_wconf 65' lang='lat' dir='ltr'>praesentia</span> <span class='ocrx_word' id='word_1_180' title='bbox 3653 1576 3822 1620; x_wconf 85' lang='lat' dir='ltr'>nostra</span> 
     </span>
    </p>
   </div>
   <div class='ocr_carea' id='block_1_27' title="bbox 2235 1628 3821 1718">
    <p class='ocr_par' dir='ltr' id='par_1_27' title="bbox 2235 1628 3821 1718">
     <span class='ocr_line' id='line_1_27' title="bbox 2235 1628 3821 1718; baseline 0.023 -35"><span class='ocrx_word' id='word_1_181' title='bbox 2235 1628 2408 1686; x_wconf 80' lang='lat' dir='ltr'>frater</span> <span class='ocrx_word' id='word_1_182' title='bbox 2435 1632 2755 1704; x_wconf 79' lang='lat' dir='ltr'>Gaufridus,</span> <span class='ocrx_word' id='word_1_183' title='bbox 2789 1659 2950 1713; x_wconf 86' lang='lat' dir='ltr'>quem</span> <span class='ocrx_word' id='word_1_184' title='bbox 2979 1646 3156 1702; x_wconf 88' lang='lat' dir='ltr'>eidem</span> <span class='ocrx_word' id='word_1_185' title='bbox 3199 1649 3464 1711; x_wconf 76' lang='lat' dir='ltr'>Ecclesiae</span> <span class='ocrx_word' id='word_1_186' title='bbox 3490 1657 3548 1711; x_wconf 91' lang='lat' dir='ltr'>in</span> <span class='ocrx_word' id='word_1_187' title='bbox 3581 1659 3821 1718; x_wconf 83' lang='lat' dir='ltr'>abbatem</span> 
     </span>
    </p>
   </div>
   <div class='ocr_carea' id='block_1_28' title="bbox 1253 1719 3820 1808">
    <p class='ocr_par' dir='ltr' id='par_1_28' title="bbox 1253 1719 3820 1808">
     <span class='ocr_line' id='line_1_28' title="bbox 1253 1719 3820 1808; baseline 0.023 -59"><span class='ocrx_word' id='word_1_188' title='bbox 1253 1723 1358 1779; x_wconf 74' lang='lat' dir='ltr'>xx</span> <span class='ocrx_word' id='word_1_189' title='bbox 1372 1765 1386 1780; x_wconf 47' lang='lat'><strong>.</strong></span> <span class='ocrx_word' id='word_1_190' title='bbox 2235 1719 2532 1777; x_wconf 84' lang='lat' dir='ltr'>ordinavist</span> <span class='ocrx_word' id='word_1_191' title='bbox 2543 1724 2806 1785; x_wconf 87' lang='lat' dir='ltr'>is.dicens</span> <span class='ocrx_word' id='word_1_192' title='bbox 2818 1747 2877 1786; x_wconf 91' lang='lat' dir='ltr'>se</span> <span class='ocrx_word' id='word_1_193' title='bbox 2901 1733 3132 1791; x_wconf 90' lang='lat' dir='ltr'>libenter</span> <span class='ocrx_word' id='word_1_194' title='bbox 3145 1737 3249 1808; x_wconf 90' lang='lat' dir='ltr'>ipsi</span> <span class='ocrx_word' id='word_1_195' title='bbox 3267 1740 3505 1800; x_wconf 81' lang='lat' dir='ltr'>Roberto</span> <span class='ocrx_word' id='word_1_196' title='bbox 3528 1748 3680 1804; x_wconf 84' lang='lat' dir='ltr'>velut</span> <span class='ocrx_word' id='word_1_197' title='bbox 3692 1751 3820 1806; x_wconf 84' lang='lat' dir='ltr'>Patri</span> 
     </span>
    </p>
   </div>
   <div class='ocr_carea' id='block_1_29' title="bbox 519 1799 2088 1936">
    <p class='ocr_par' dir='ltr' id='par_1_29' title="bbox 519 1799 2084 1936">
     <span class='ocr_line' id='line_1_29' title="bbox 519 1799 2084 1895; baseline 0.015 -40"><span class='ocrx_word' id='word_1_198' title='bbox 519 1799 600 1856; x_wconf 77' lang='lat' dir='ltr'>Ad</span> <span class='ocrx_word' id='word_1_199' title='bbox 621 1802 982 1874; x_wconf 81' lang='lat' dir='ltr'>Haganonem</span> <span class='ocrx_word' id='word_1_200' title='bbox 1017 1809 1356 1868; x_wconf 62' lang='lat' dir='ltr'>rEduensem</span> <span class='ocrx_word' id='word_1_201' title='bbox 1391 1816 1734 1890; x_wconf 71' lang='lat' dir='ltr'>epis-cepam,</span> <span class='ocrx_word' id='word_1_202' title='bbox 1758 1839 1858 1892; x_wconf 84' lang='lat' dir='ltr'>pro</span> <span class='ocrx_word' id='word_1_203' title='bbox 1893 1824 2084 1895; x_wconf 77' lang='lat' dir='ltr'>Hagen</span> 
     </span>
     <span class='ocr_line' id='line_1_30' title="bbox 1070 1881 1539 1936; baseline 0.004 -2"><span class='ocrx_word' id='word_1_204' title='bbox 1070 1881 1110 1934; x_wconf 68' lang='grc' dir='ltr'>[τ’</span> <span class='ocrx_word' id='word_1_205' title='bbox 1119 1883 1518 1936; x_wconf 77' lang='lat' dir='ltr'>laminiacensi</span> <span class='ocrx_word' id='word_1_206' title='bbox 1528 1930 1539 1936; x_wconf 92' lang='lat'>-</span> 
     </span>
    </p>
   </div>
   <div class='ocr_carea' id='block_1_30' title="bbox 2204 1799 3818 1936">
    <p class='ocr_par' dir='ltr' id='par_1_30' title="bbox 2226 1809 3818 1936">
     <span class='ocr_line' id='line_1_31' title="bbox 2234 1809 3818 1897; baseline 0.022 -37"><span class='ocrx_word' id='word_1_207' title='bbox 2234 1823 2333 1861; x_wconf 87' lang='lat' dir='ltr'>suo</span> <span class='ocrx_word' id='word_1_208' title='bbox 2352 1809 2531 1866; x_wconf 90' lang='lat' dir='ltr'>locum</span> <span class='ocrx_word' id='word_1_209' title='bbox 2564 1815 2836 1886; x_wconf 86' lang='lat' dir='ltr'>daturum,</span> <span class='ocrx_word' id='word_1_210' title='bbox 2863 1822 2908 1876; x_wconf 94' lang='lat' dir='ltr'>si</span> <span class='ocrx_word' id='word_1_211' title='bbox 2931 1825 3086 1879; x_wconf 86' lang='lat' dir='ltr'>nobis</span> <span class='ocrx_word' id='word_1_212' title='bbox 3116 1827 3370 1897; x_wconf 83' lang='lat' dir='ltr'>placeret,</span> <span class='ocrx_word' id='word_1_213' title='bbox 3394 1842 3448 1888; x_wconf 89' lang='lat' dir='ltr'>ut</span> <span class='ocrx_word' id='word_1_214' title='bbox 3479 1851 3608 1891; x_wconf 90' lang='lat' dir='ltr'>eum</span> <span class='ocrx_word' id='word_1_215' title='bbox 3645 1839 3818 1895; x_wconf 77' lang='lat' dir='ltr'>Molis-</span> 
     </span>
     <span class='ocr_line' id='line_1_32' title="bbox 2226 1899 3478 1936; baseline 0 0"><span class='ocrx_word' id='word_1_216' title='bbox 2226 1899 2674 1936; x_wconf 63' lang='grc' dir='ltr'>ηπρηεὶιῖι-ηιοοςςη</span> <span class='ocrx_word' id='word_1_217' title='bbox 2718 1909 3115 1936; x_wconf 53' lang='grc' dir='ltr'>..ιη-..ξιιηηη-η--</span> <span class='ocrx_word' id='word_1_218' title='bbox 3180 1920 3227 1936; x_wconf 38' lang='grc' dir='ltr'>ιν</span> <span class='ocrx_word' id='word_1_219' title='bbox 3274 1918 3324 1936; x_wconf 62' lang='grc' dir='ltr'>ιιι</span> <span class='ocrx_word' id='word_1_220' title='bbox 3389 1921 3399 1932; x_wconf 80' lang='grc' dir='ltr'><strong>ο</strong></span> <span class='ocrx_word' id='word_1_221' title='bbox 3450 1923 3478 1936; x_wconf 78' lang='grc' dir='ltr'>ι-</span> 
     </span>
    </p>
   </div>
   <div class='ocr_carea' id='block_1_31' title="bbox 1142 1901 1540 1942">
    <p class='ocr_par' dir='ltr' id='par_1_31' title="bbox 1142 1901 1540 1942">
     <span class='ocr_line' id='line_1_33' title="bbox 1142 1901 1540 1942; baseline 0.013 -5"><span class='ocrx_word' id='word_1_222' title='bbox 1142 1901 1540 1942; x_wconf 72' lang='grc' dir='ltr'>ανηιηιίιεεηει.</span> 
     </span>
    </p>
   </div>
   <div class='ocr_carea' id='block_1_32' title="bbox 2145 1899 3818 1995">
    <p class='ocr_par' dir='ltr' id='par_1_32' title="bbox 2145 1899 3818 1995">
     <span class='ocr_line' id='line_1_34' title="bbox 2145 1899 3818 1995; baseline 0.022 -47"><span class='ocrx_word' id='word_1_223' title='bbox 2145 1899 2197 1958; x_wconf 88' lang='grc' dir='ltr'><strong><em>Β</em></strong></span> <span class='ocrx_word' id='word_1_224' title='bbox 2225 1899 2396 1952; x_wconf 89' lang='lat' dir='ltr'>mensi</span> <span class='ocrx_word' id='word_1_225' title='bbox 2413 1899 2674 1959; x_wconf 62' lang='lat' dir='ltr'>Ecclesiae</span> <span class='ocrx_word' id='word_1_226' title='bbox 2718 1909 3138 1969; x_wconf 78' lang='lat' dir='ltr'>remitteremus.</span> <span class='ocrx_word' id='word_1_227' title='bbox 3169 1918 3365 1974; x_wconf 87' lang='lat' dir='ltr'>Audita</span> <span class='ocrx_word' id='word_1_228' title='bbox 3386 1921 3555 1995; x_wconf 78' lang='lat' dir='ltr'>igitur</span> <span class='ocrx_word' id='word_1_229' title='bbox 3585 1935 3818 1984; x_wconf 81' lang='lat' dir='ltr'>vestraet</span> 
     </span>
    </p>
   </div>
   <div class='ocr_carea' id='block_1_33' title="bbox 2229 1985 3818 2073">
    <p class='ocr_par' dir='ltr' id='par_1_33' title="bbox 2229 1985 3818 2073">
     <span class='ocr_line' id='line_1_35' title="bbox 2229 1985 3818 2073; baseline 0.022 -35"><span class='ocrx_word' id='word_1_230' title='bbox 2229 1985 2470 2055; x_wconf 88' lang='lat' dir='ltr'>ipsorum</span> <span class='ocrx_word' id='word_1_231' title='bbox 2489 1992 2539 2044; x_wconf 83' lang='grc' dir='ltr'><strong>Μ</strong></span> <span class='ocrx_word' id='word_1_232' title='bbox 2544 1993 2920 2054; x_wconf 89' lang='lat' dir='ltr'>olismensium</span> <span class='ocrx_word' id='word_1_233' title='bbox 2936 1985 3435 2072; x_wconf 59' lang='lat' dir='ltr'>petitionemelectis</span> <span class='ocrx_word' id='word_1_234' title='bbox 3447 2013 3608 2069; x_wconf 91' lang='lat' dir='ltr'>etiam</span> <span class='ocrx_word' id='word_1_235' title='bbox 3622 2016 3818 2073; x_wconf 79' lang='lat' dir='ltr'>domini</span> 
     </span>
    </p>
   </div>
   <div class='ocr_carea' id='block_1_34' title="bbox 2229 2077 3816 2169">
    <p class='ocr_par' dir='ltr' id='par_1_34' title="bbox 2229 2077 3816 2169">
     <span class='ocr_line' id='line_1_36' title="bbox 2229 2077 3816 2169; baseline 0.022 -43"><span class='ocrx_word' id='word_1_236' title='bbox 2229 2089 2386 2145; x_wconf 66' lang='lat' dir='ltr'>papae</span> <span class='ocrx_word' id='word_1_237' title='bbox 2419 2077 2610 2133; x_wconf 78' lang='lat' dir='ltr'>litteris</span> <span class='ocrx_word' id='word_1_238' title='bbox 2642 2099 2806 2154; x_wconf 89' lang='lat' dir='ltr'>super</span> <span class='ocrx_word' id='word_1_239' title='bbox 2832 2087 2937 2144; x_wconf 89' lang='lat' dir='ltr'>hoc</span> <span class='ocrx_word' id='word_1_240' title='bbox 2969 2093 3188 2165; x_wconf 91' lang='lat' dir='ltr'>negotio</span> <span class='ocrx_word' id='word_1_241' title='bbox 3205 2096 3362 2152; x_wconf 92' lang='lat' dir='ltr'>nobis</span> <span class='ocrx_word' id='word_1_242' title='bbox 3382 2099 3628 2169; x_wconf 84' lang='lat' dir='ltr'>directis,</span> <span class='ocrx_word' id='word_1_243' title='bbox 3657 2115 3816 2162; x_wconf 89' lang='lat' dir='ltr'>totum</span> 
     </span>
    </p>
   </div>
   <div class='ocr_carea' id='block_1_35' title="bbox 2225 2162 3814 2260">
    <p class='ocr_par' dir='ltr' id='par_1_35' title="bbox 2225 2162 3814 2260">
     <span class='ocr_line' id='line_1_37' title="bbox 2225 2162 3814 2260; baseline 0.023 -45"><span class='ocrx_word' id='word_1_244' title='bbox 2225 2162 2569 2234; x_wconf 86' lang='lat' dir='ltr'>dispositioni</span> <span class='ocrx_word' id='word_1_245' title='bbox 2591 2178 2642 2225; x_wconf 88' lang='lat' dir='ltr'>et</span> <span class='ocrx_word' id='word_1_246' title='bbox 2673 2173 2899 2232; x_wconf 87' lang='lat' dir='ltr'>arbitrio</span> <span class='ocrx_word' id='word_1_247' title='bbox 2930 2162 3116 2236; x_wconf 74' lang='lat' dir='ltr'>nostro</span> <span class='ocrx_word' id='word_1_248' title='bbox 3161 2187 3572 2260; x_wconf 87' lang='lat' dir='ltr'>committentis,</span> <span class='ocrx_word' id='word_1_249' title='bbox 3605 2162 3814 2250; x_wconf 77' lang='lat' dir='ltr'>tandem</span> 
     </span>
    </p>
   </div>
   <div class='ocr_carea' id='block_1_36' title="bbox 2225 2253 3813 2353">
    <p class='ocr_par' dir='ltr' id='par_1_36' title="bbox 2225 2253 3813 2353">
     <span class='ocr_line' id='line_1_38' title="bbox 2225 2253 3813 2353; baseline 0.023 -50"><span class='ocrx_word' id='word_1_250' title='bbox 2225 2253 2516 2308; x_wconf 89' lang='lat' dir='ltr'>multorum</span> <span class='ocrx_word' id='word_1_251' title='bbox 2561 2258 2801 2316; x_wconf 87' lang='lat' dir='ltr'>virorum</span> <span class='ocrx_word' id='word_1_252' title='bbox 2847 2265 3250 2340; x_wconf 80' lang='lat' dir='ltr'>religiosorum,</span> <span class='ocrx_word' id='word_1_253' title='bbox 3283 2283 3390 2330; x_wconf 90' lang='lat' dir='ltr'>tam</span> <span class='ocrx_word' id='word_1_254' title='bbox 3434 2279 3813 2353; x_wconf 89' lang='lat' dir='ltr'>episcoporum</span> 
     </span>
    </p>
   </div>
   <div class='ocr_carea' id='block_1_37' title="bbox 2224 2343 3812 2442">
    <p class='ocr_par' dir='ltr' id='par_1_37' title="bbox 2224 2343 3812 2442">
     <span class='ocr_line' id='line_1_39' title="bbox 2224 2343 3812 2442; baseline 0.024 -51"><span class='ocrx_word' id='word_1_255' title='bbox 2224 2356 2385 2410; x_wconf 87' lang='lat' dir='ltr'>quam</span> <span class='ocrx_word' id='word_1_256' title='bbox 2407 2343 2635 2402; x_wconf 89' lang='lat' dir='ltr'>aliorum</span> <span class='ocrx_word' id='word_1_257' title='bbox 2670 2351 2760 2421; x_wconf 90' lang='lat' dir='ltr'>qui</span> <span class='ocrx_word' id='word_1_258' title='bbox 2791 2354 3074 2412; x_wconf 91' lang='lat' dir='ltr'>nobiscum</span> <span class='ocrx_word' id='word_1_259' title='bbox 3106 2361 3334 2418; x_wconf 87' lang='lat' dir='ltr'>aderant</span> <span class='ocrx_word' id='word_1_260' title='bbox 3364 2368 3599 2426; x_wconf 87' lang='lat' dir='ltr'>concilio</span> <span class='ocrx_word' id='word_1_261' title='bbox 3647 2375 3812 2442; x_wconf 87' lang='lat' dir='ltr'>preci-</span> 
     </span>
    </p>
   </div>
   <div class='ocr_carea' id='block_1_38' title="bbox 2223 2427 3809 2518">
    <p class='ocr_par' dir='ltr' id='par_1_38' title="bbox 2223 2427 3809 2518">
     <span class='ocr_line' id='line_1_40' title="bbox 2223 2427 3809 2518; baseline 0.025 -38"><span class='ocrx_word' id='word_1_262' title='bbox 2223 2427 2324 2484; x_wconf 88' lang='lat' dir='ltr'>bus</span> <span class='ocrx_word' id='word_1_263' title='bbox 2346 2433 2542 2488; x_wconf 88' lang='lat' dir='ltr'>vestris</span> <span class='ocrx_word' id='word_1_264' title='bbox 2558 2443 2610 2490; x_wconf 89' lang='lat' dir='ltr'>et</span> <span class='ocrx_word' id='word_1_265' title='bbox 2638 2453 2828 2494; x_wconf 88' lang='lat' dir='ltr'>eorum</span> <span class='ocrx_word' id='word_1_266' title='bbox 2847 2444 3256 2515; x_wconf 75' lang='lat' dir='ltr'>acquiescantes</span> <span class='ocrx_word' id='word_1_267' title='bbox 3276 2452 3614 2512; x_wconf 81' lang='lat' dir='ltr'>Molismensi</span> <span class='ocrx_word' id='word_1_268' title='bbox 3635 2460 3809 2518; x_wconf 82' lang='lat' dir='ltr'>Eccle~</span> 
     </span>
    </p>
   </div>
   <div class='ocr_carea' id='block_1_39' title="bbox 2219 2517 3808 2606">
    <p class='ocr_par' dir='ltr' id='par_1_39' title="bbox 2219 2517 3808 2606">
     <span class='ocr_line' id='line_1_41' title="bbox 2219 2517 3808 2606; baseline 0.023 -37"><span class='ocrx_word' id='word_1_269' title='bbox 2219 2517 2315 2571; x_wconf 77' lang='lat' dir='ltr'>sise</span> <span class='ocrx_word' id='word_1_270' title='bbox 2371 2517 2545 2590; x_wconf 89' lang='lat' dir='ltr'>ipsum</span> <span class='ocrx_word' id='word_1_271' title='bbox 2614 2528 2903 2586; x_wconf 89' lang='lat' dir='ltr'>restituere</span> <span class='ocrx_word' id='word_1_272' title='bbox 2951 2533 3313 2606; x_wconf 79' lang='lat' dir='ltr'>decrevimus,</span> <span class='ocrx_word' id='word_1_273' title='bbox 3351 2541 3428 2598; x_wconf 84' lang='lat' dir='ltr'>ita</span> <span class='ocrx_word' id='word_1_274' title='bbox 3461 2545 3718 2604; x_wconf 82' lang='lat' dir='ltr'>videlicet</span> <span class='ocrx_word' id='word_1_275' title='bbox 3759 2559 3808 2605; x_wconf 89' lang='lat' dir='ltr'>ut</span> 
     </span>
    </p>
   </div>
   <div class='ocr_carea' id='block_1_40' title="bbox 2219 2607 3803 2695">
    <p class='ocr_par' dir='ltr' id='par_1_40' title="bbox 2219 2607 3803 2695">
     <span class='ocr_line' id='line_1_42' title="bbox 2219 2607 3803 2695; baseline 0.023 -37"><span class='ocrx_word' id='word_1_276' title='bbox 2219 2607 2533 2680; x_wconf 84' lang='lat' dir='ltr'>priusquam</span> <span class='ocrx_word' id='word_1_277' title='bbox 2563 2613 2690 2670; x_wconf 91' lang='lat' dir='ltr'>illuc</span> <span class='ocrx_word' id='word_1_278' title='bbox 2715 2619 2899 2674; x_wconf 74' lang='lat' dir='ltr'>redeat</span> <span class='ocrx_word' id='word_1_279' title='bbox 2943 2622 3258 2682; x_wconf 87' lang='lat' dir='ltr'>Cabilonem</span> <span class='ocrx_word' id='word_1_280' title='bbox 3307 2631 3530 2689; x_wconf 82' lang='lat' dir='ltr'>veniens</span> <span class='ocrx_word' id='word_1_281' title='bbox 3559 2635 3615 2690; x_wconf 92' lang='lat' dir='ltr'>in</span> <span class='ocrx_word' id='word_1_282' title='bbox 3648 2653 3803 2695; x_wconf 78' lang='lat' dir='ltr'>manu</span> 
     </span>
    </p>
   </div>
   <div class='ocr_carea' id='block_1_41' title="bbox 2216 2702 3799 2798">
    <p class='ocr_par' dir='ltr' id='par_1_41' title="bbox 2216 2702 3799 2798">
     <span class='ocr_line' id='line_1_43' title="bbox 2216 2702 3799 2798; baseline 0.025 -42"><span class='ocrx_word' id='word_1_283' title='bbox 2216 2702 2399 2762; x_wconf 86' lang='lat' dir='ltr'>fratris</span> <span class='ocrx_word' id='word_1_284' title='bbox 2430 2711 2602 2765; x_wconf 87' lang='lat' dir='ltr'>nostri</span> <span class='ocrx_word' id='word_1_285' title='bbox 2653 2713 3031 2775; x_wconf 85' lang='lat' dir='ltr'>Cabiloneusis</span> <span class='ocrx_word' id='word_1_286' title='bbox 3086 2723 3325 2798; x_wconf 91' lang='lat' dir='ltr'>episcopi</span> <span class='ocrx_word' id='word_1_287' title='bbox 3373 2731 3458 2786; x_wconf 90' lang='lat' dir='ltr'>cui</span> <span class='ocrx_word' id='word_1_288' title='bbox 3500 2740 3799 2794; x_wconf 82' lang='lat' dir='ltr'>secundum</span> 
     </span>
    </p>
   </div>
   <div class='ocr_carea' id='block_1_42' title="bbox 2214 2799 3799 2890">
    <p class='ocr_par' dir='ltr' id='par_1_42' title="bbox 2214 2799 3799 2890">
     <span class='ocr_line' id='line_1_44' title="bbox 2214 2799 3799 2890; baseline 0.024 -43"><span class='ocrx_word' id='word_1_289' title='bbox 2214 2799 2661 2855; x_wconf 88' lang='lat' dir='ltr'>consuetudinem</span> <span class='ocrx_word' id='word_1_290' title='bbox 2727 2815 3046 2863; x_wconf 84' lang='lat' dir='ltr'>caeterorum</span> <span class='ocrx_word' id='word_1_291' title='bbox 3095 2812 3351 2871; x_wconf 82' lang='lat' dir='ltr'>abbatum</span> <span class='ocrx_word' id='word_1_292' title='bbox 3403 2821 3799 2890; x_wconf 80' lang='lat' dir='ltr'>professionem</span> 
     </span>
    </p>
   </div>
   <div class='ocr_carea' id='block_1_43' title="bbox 2213 2888 3801 2989">
    <p class='ocr_par' dir='ltr' id='par_1_43' title="bbox 2213 2888 3801 2989">
     <span class='ocr_line' id='line_1_45' title="bbox 2213 2888 3801 2989; baseline 0.023 -46"><span class='ocrx_word' id='word_1_293' title='bbox 2213 2888 2365 2962; x_wconf 88' lang='lat' dir='ltr'>fecit,</span> <span class='ocrx_word' id='word_1_294' title='bbox 2397 2895 2607 2964; x_wconf 78' lang='lat' dir='ltr'>virgam</span> <span class='ocrx_word' id='word_1_295' title='bbox 2637 2907 2688 2954; x_wconf 93' lang='lat' dir='ltr'>et</span> <span class='ocrx_word' id='word_1_296' title='bbox 2715 2915 2904 2957; x_wconf 89' lang='lat' dir='ltr'>curam</span> <span class='ocrx_word' id='word_1_297' title='bbox 2937 2906 3165 2965; x_wconf 69' lang='lat' dir='ltr'>abbatis)</span> <span class='ocrx_word' id='word_1_298' title='bbox 3195 2888 3592 2989; x_wconf 49' lang='lat' dir='ltr'>reddebatque</span> <span class='ocrx_word' id='word_1_299' title='bbox 3615 2938 3801 2978; x_wconf 56' lang='lat' dir='ltr'>mons-</span> 
     </span>
    </p>
   </div>
   <div class='ocr_carea' id='block_1_44' title="bbox 2215 2989 3798 3090">
    <p class='ocr_par' dir='ltr' id='par_1_44' title="bbox 2215 2989 3798 3090">
     <span class='ocr_line' id='line_1_46' title="bbox 2215 2989 3798 3090; baseline 0.022 -48"><span class='ocrx_word' id='word_1_300' title='bbox 2215 2989 2347 3044; x_wconf 89' lang='lat' dir='ltr'>chos</span> <span class='ocrx_word' id='word_1_301' title='bbox 2375 2992 2513 3048; x_wconf 92' lang='lat' dir='ltr'>Novi</span> <span class='ocrx_word' id='word_1_302' title='bbox 2543 3000 2883 3068; x_wconf 87' lang='lat' dir='ltr'>monasterii,</span> <span class='ocrx_word' id='word_1_303' title='bbox 2918 3003 3010 3074; x_wconf 93' lang='lat' dir='ltr'>qui</span> <span class='ocrx_word' id='word_1_304' title='bbox 3056 3005 3102 3061; x_wconf 92' lang='lat' dir='ltr'>ei</span> <span class='ocrx_word' id='word_1_305' title='bbox 3135 3007 3272 3064; x_wconf 86' lang='lat' dir='ltr'>sicut</span> <span class='ocrx_word' id='word_1_306' title='bbox 3318 3027 3417 3068; x_wconf 92' lang='lat' dir='ltr'>suo</span> <span class='ocrx_word' id='word_1_307' title='bbox 3445 3015 3632 3074; x_wconf 85' lang='lat' dir='ltr'>abbati</span> <span class='ocrx_word' id='word_1_308' title='bbox 3667 3037 3798 3090; x_wconf 73' lang='lat' dir='ltr'>pio-</span> 
     </span>
    </p>
   </div>
   <div class='ocr_carea' id='block_1_45' title="bbox 835 3075 3798 3175">
    <p class='ocr_par' dir='ltr' id='par_1_45' title="bbox 835 3075 3798 3175">
     <span class='ocr_line' id='line_1_47' title="bbox 998 3075 3798 3175; baseline 0.006 -43"><span class='ocrx_word' id='word_1_309' title='bbox 998 3075 1166 3094; x_wconf 38' lang='grc' dir='ltr'>ΓΝ--</span> <span class='ocrx_word' id='word_1_310' title='bbox 1196 3075 1290 3084; x_wconf 48' lang='lat' dir='ltr'>mu</span> <span class='ocrx_word' id='word_1_311' title='bbox 1338 3075 1427 3084; x_wconf 53' lang='lat' dir='ltr'>HV</span> <span class='ocrx_word' id='word_1_312' title='bbox 1449 3075 1461 3084; x_wconf 49' lang='grc' dir='ltr'><strong>Ι</strong></span> <span class='ocrx_word' id='word_1_313' title='bbox 1493 3075 1631 3132; x_wconf 48' lang='lat' dir='ltr'>&quot;Wl-</span> <span class='ocrx_word' id='word_1_314' title='bbox 1789 3125 1800 3136; x_wconf 84' lang='lat'>.</span> <span class='ocrx_word' id='word_1_315' title='bbox 1845 3126 1855 3137; x_wconf 95' lang='lat'>.</span> <span class='ocrx_word' id='word_1_316' title='bbox 1913 3128 1923 3139; x_wconf 91' lang='lat'>.</span> <span class='ocrx_word' id='word_1_317' title='bbox 2209 3075 2506 3136; x_wconf 64' lang='lat' dir='ltr'>{CSSionem</span> <span class='ocrx_word' id='word_1_318' title='bbox 2540 3083 2800 3152; x_wconf 84' lang='lat' dir='ltr'>fecerant,</span> <span class='ocrx_word' id='word_1_319' title='bbox 2837 3099 2888 3144; x_wconf 90' lang='lat' dir='ltr'>et</span> <span class='ocrx_word' id='word_1_320' title='bbox 2917 3091 3282 3152; x_wconf 67' lang='lat' dir='ltr'>obedientiam</span> <span class='ocrx_word' id='word_1_321' title='bbox 3310 3102 3700 3175; x_wconf 56' lang='lat' dir='ltr'>promiserat.&quot;</span> <span class='ocrx_word' id='word_1_322' title='bbox 3731 3111 3798 3164; x_wconf 67' lang='lat' dir='ltr'>ab</span> 
     </span>
     <span class='ocr_line' id='line_1_48' title="bbox 835 3114 2223 3175; baseline 0.006 -8"><span class='ocrx_word' id='word_1_323' title='bbox 835 3114 1041 3171; x_wconf 82' lang='lat' dir='ltr'>iblioth.</span> <span class='ocrx_word' id='word_1_324' title='bbox 1060 3133 1183 3172; x_wconf 74' lang='grc' dir='ltr'>που.</span> <span class='ocrx_word' id='word_1_325' title='bbox 1207 3135 1342 3174; x_wconf 81' lang='lat' dir='ltr'>mss.</span> <span class='ocrx_word' id='word_1_326' title='bbox 1366 3135 1424 3175; x_wconf 85' lang='lat' dir='ltr'>ll.</span> <span class='ocrx_word' id='word_1_327' title='bbox 1457 3123 1582 3175; x_wconf 76' lang='grc'>640.</span> <span class='ocrx_word' id='word_1_328' title='bbox 1617 3139 1673 3175; x_wconf 83' lang='lat' dir='ltr'>in</span> <span class='ocrx_word' id='word_1_329' title='bbox 1707 3123 2028 3175; x_wconf 72' lang='lat' dir='ltr'>Ortamzbus</span> <span class='ocrx_word' id='word_1_330' title='bbox 2213 3173 2223 3175; x_wconf 95' lang='lat'>_</span> 
     </span>
    </p>
   </div>
   <div class='ocr_carea' id='block_1_46' title="bbox 567 3111 2088 3262">
    <p class='ocr_par' dir='ltr' id='par_1_46' title="bbox 567 3111 2028 3260">
     <span class='ocr_line' id='line_1_49' title="bbox 567 3111 2028 3260; baseline 0.012 -96"><span class='ocrx_word' id='word_1_331' title='bbox 567 3111 755 3166; x_wconf 68' lang='lat' dir='ltr'>Luna</span> <span class='ocrx_word' id='word_1_332' title='bbox 784 3114 1342 3260; x_wconf 54' lang='lat' dir='ltr'>Bibliothmovi</span> <span class='ocrx_word' id='word_1_333' title='bbox 1366 3135 1424 3259; x_wconf 81' lang='lat' dir='ltr'>ll],</span> <span class='ocrx_word' id='word_1_334' title='bbox 1457 3123 1582 3188; x_wconf 78' lang='grc'>640,</span> <span class='ocrx_word' id='word_1_335' title='bbox 1617 3121 1673 3176; x_wconf 90' lang='lat' dir='ltr'>in</span> <span class='ocrx_word' id='word_1_336' title='bbox 1707 3123 2028 3196; x_wconf 78' lang='lat' dir='ltr'>Originibus</span> 
     </span>
     <span class='ocr_line' id='line_1_50' title="bbox 1232 3207 1401 3246; baseline 0.024 -4"><span class='ocrx_word' id='word_1_337' title='bbox 1232 3207 1275 3244; x_wconf 78' lang='lat' dir='ltr'>ts</span> <span class='ocrx_word' id='word_1_338' title='bbox 1309 3207 1401 3246; x_wconf 80' lang='lat' dir='ltr'>err</span> 
     </span>
    </p>
   </div>
   <div class='ocr_carea' id='block_1_47' title="bbox 2204 3111 3796 3262">
    <p class='ocr_par' dir='ltr' id='par_1_47' title="bbox 2209 3111 3796 3262">
     <span class='ocr_line' id='line_1_51' title="bbox 2209 3111 3796 3175; baseline 0.023 -46"><span class='ocrx_word' id='word_1_339' title='bbox 2209 3111 2506 3136; x_wconf 66' lang='grc' dir='ltr'>ιεδδιυηειιι</span> <span class='ocrx_word' id='word_1_340' title='bbox 2540 3111 2800 3152; x_wconf 73' lang='grc' dir='ltr'>ιυυεηωι,</span> <span class='ocrx_word' id='word_1_341' title='bbox 2837 3111 2888 3144; x_wconf 87' lang='grc' dir='ltr'>ει</span> <span class='ocrx_word' id='word_1_342' title='bbox 2917 3111 3282 3152; x_wconf 81' lang='lat' dir='ltr'>oueuienuam</span> <span class='ocrx_word' id='word_1_343' title='bbox 3310 3111 3700 3175; x_wconf 85' lang='lat' dir='ltr'>promiserant,</span> <span class='ocrx_word' id='word_1_344' title='bbox 3731 3111 3796 3164; x_wconf 87' lang='lat' dir='ltr'>ab</span> 
     </span>
     <span class='ocr_line' id='line_1_52' title="bbox 2210 3173 3796 3262; baseline 0.023 -36"><span class='ocrx_word' id='word_1_345' title='bbox 2210 3173 2328 3244; x_wconf 90' lang='lat' dir='ltr'>ipsa</span> <span class='ocrx_word' id='word_1_346' title='bbox 2383 3177 2723 3247; x_wconf 86' lang='lat' dir='ltr'>professione</span> <span class='ocrx_word' id='word_1_347' title='bbox 2767 3193 2820 3240; x_wconf 91' lang='lat' dir='ltr'>et</span> <span class='ocrx_word' id='word_1_348' title='bbox 2849 3187 3166 3247; x_wconf 89' lang='lat' dir='ltr'>obedientia</span> <span class='ocrx_word' id='word_1_349' title='bbox 3212 3193 3412 3253; x_wconf 91' lang='lat' dir='ltr'>liberos</span> <span class='ocrx_word' id='word_1_350' title='bbox 3441 3208 3493 3255; x_wconf 91' lang='lat' dir='ltr'>et</span> <span class='ocrx_word' id='word_1_351' title='bbox 3520 3203 3796 3262; x_wconf 86' lang='lat' dir='ltr'>absolutos</span> 
     </span>
    </p>
   </div>
   <div class='ocr_carea' id='block_1_48' title="bbox 569 3255 2088 3374">
    <p class='ocr_par' dir='ltr' id='par_1_48' title="bbox 569 3255 2088 3355">
     <span class='ocr_line' id='line_1_53' title="bbox 569 3255 2088 3355; baseline 0.011 -29"><span class='ocrx_word' id='word_1_352' title='bbox 569 3271 749 3341; x_wconf 79' lang='lat' dir='ltr'>Huco,</span> <span class='ocrx_word' id='word_1_353' title='bbox 779 3255 1183 3344; x_wconf 60' lang='lat' dir='ltr'>Lugdunensis</span> <span class='ocrx_word' id='word_1_354' title='bbox 1205 3255 1651 3352; x_wconf 71' lang='lat' dir='ltr'>archiepiscopus</span> <span class='ocrx_word' id='word_1_355' title='bbox 1699 3290 1750 3338; x_wconf 89' lang='lat' dir='ltr'>et</span> <span class='ocrx_word' id='word_1_356' title='bbox 1781 3286 2088 3355; x_wconf 73' lang='lat' dir='ltr'>apostolicae</span> 
     </span>
    </p>
   </div>
   <div class='ocr_carea' id='block_1_49' title="bbox 2204 3255 3796 3374">
    <p class='ocr_par' dir='ltr' id='par_1_49' title="bbox 2211 3272 3796 3374">
     <span class='ocr_line' id='line_1_54' title="bbox 2211 3272 3796 3374; baseline 0.021 -48"><span class='ocrx_word' id='word_1_357' title='bbox 2211 3272 2463 3341; x_wconf 87' lang='lat' dir='ltr'>dimittat,</span> <span class='ocrx_word' id='word_1_358' title='bbox 2496 3293 2562 3334; x_wconf 87' lang='lat' dir='ltr'>ac</span> <span class='ocrx_word' id='word_1_359' title='bbox 2590 3281 2674 3336; x_wconf 91' lang='lat' dir='ltr'>sic</span> <span class='ocrx_word' id='word_1_360' title='bbox 2694 3282 2765 3336; x_wconf 91' lang='lat' dir='ltr'>ab</span> <span class='ocrx_word' id='word_1_361' title='bbox 2793 3283 2918 3354; x_wconf 89' lang='lat' dir='ltr'>ipso</span> <span class='ocrx_word' id='word_1_362' title='bbox 2947 3287 3203 3363; x_wconf 88' lang='lat' dir='ltr'>episcopo</span> <span class='ocrx_word' id='word_1_363' title='bbox 3221 3294 3600 3368; x_wconf 84' lang='lat' dir='ltr'>professionis,</span> <span class='ocrx_word' id='word_1_364' title='bbox 3631 3319 3796 3374; x_wconf 86' lang='lat' dir='ltr'>quam</span> 
     </span>
    </p>
   </div>
   <div class='ocr_carea' id='block_1_50' title="bbox 501 3360 3793 3456">
    <p class='ocr_par' dir='ltr' id='par_1_50' title="bbox 501 3360 3793 3456">
     <span class='ocr_line' id='line_1_55' title="bbox 501 3360 3793 3456; baseline 0.012 -42"><span class='ocrx_word' id='word_1_365' title='bbox 501 3360 654 3414; x_wconf 86' lang='lat' dir='ltr'>sedis</span> <span class='ocrx_word' id='word_1_366' title='bbox 675 3361 909 3432; x_wconf 84' lang='lat' dir='ltr'>legatus,</span> <span class='ocrx_word' id='word_1_367' title='bbox 934 3363 1198 3420; x_wconf 73' lang='lat' dir='ltr'>Rouaa&#39;ro</span> <span class='ocrx_word' id='word_1_368' title='bbox 1221 3367 1555 3423; x_wconf 84' lang='lat' dir='ltr'>Molismensi</span> <span class='ocrx_word' id='word_1_369' title='bbox 1585 3371 1788 3434; x_wconf 89' lang='lat' dir='ltr'>abbati,</span> <span class='ocrx_word' id='word_1_370' title='bbox 1824 3383 1878 3428; x_wconf 89' lang='lat' dir='ltr'>et</span> <span class='ocrx_word' id='word_1_371' title='bbox 1907 3374 2090 3428; x_wconf 79' lang='lat' dir='ltr'>fratri-</span> <span class='ocrx_word' id='word_1_372' title='bbox 2201 3369 2251 3424; x_wconf 87' lang='lat' dir='ltr'>ei</span> <span class='ocrx_word' id='word_1_373' title='bbox 2282 3379 2334 3426; x_wconf 92' lang='lat' dir='ltr'>ct</span> <span class='ocrx_word' id='word_1_374' title='bbox 2362 3373 2709 3432; x_wconf 84' lang='lat' dir='ltr'>Cabilonensi</span> <span class='ocrx_word' id='word_1_375' title='bbox 2741 3381 3002 3440; x_wconf 68' lang='lat' dir='ltr'>Ecclesia:</span> <span class='ocrx_word' id='word_1_376' title='bbox 3019 3386 3158 3456; x_wconf 83' lang='lat' dir='ltr'>fecit,</span> <span class='ocrx_word' id='word_1_377' title='bbox 3188 3389 3589 3452; x_wconf 83' lang='lat' dir='ltr'>absolutionem</span> <span class='ocrx_word' id='word_1_378' title='bbox 3643 3402 3793 3456; x_wconf 86' lang='lat' dir='ltr'>acci-</span> 
     </span>
    </p>
   </div>
   <div class='ocr_carea' id='block_1_51' title="bbox 1115 1970 1518 2045">
    <p class='ocr_par' dir='ltr' id='par_1_51' title="bbox 1115 1970 1518 2045">
     <span class='ocr_line' id='line_1_56' title="bbox 1115 1970 1518 2045; baseline 0.02 -22"><span class='ocrx_word' id='word_1_379' title='bbox 1115 1970 1302 2039; x_wconf 85' lang='lat' dir='ltr'>(Anno</span> <span class='ocrx_word' id='word_1_380' title='bbox 1335 1975 1518 2045; x_wconf 85' lang='lat'>1097.)</span> 
     </span>
    </p>
   </div>
   <div class='ocr_carea' id='block_1_52' title="bbox 520 2050 2118 2143">
    <p class='ocr_par' dir='ltr' id='par_1_52' title="bbox 520 2050 2118 2143">
     <span class='ocr_line' id='line_1_57' title="bbox 520 2050 2118 2143; baseline 0.015 -37"><span class='ocrx_word' id='word_1_381' title='bbox 520 2050 647 2110; x_wconf 72' lang='lat' dir='ltr'>Vide</span> <span class='ocrx_word' id='word_1_382' title='bbox 675 2054 1016 2128; x_wconf 79' lang='lat' dir='ltr'>Patrologia:</span> <span class='ocrx_word' id='word_1_383' title='bbox 1059 2065 1191 2143; x_wconf 62' lang='lat' dir='ltr'>toni.</span> <span class='ocrx_word' id='word_1_384' title='bbox 1249 2061 1411 2143; x_wconf 55' lang='lat' dir='ltr'>QLX,</span> <span class='ocrx_word' id='word_1_385' title='bbox 1455 2065 1562 2143; x_wconf 88' lang='lat' dir='ltr'>col.</span> <span class='ocrx_word' id='word_1_386' title='bbox 1611 2069 1734 2135; x_wconf 80' lang='lat'>355,</span> <span class='ocrx_word' id='word_1_387' title='bbox 1781 2069 1846 2126; x_wconf 81' lang='lat' dir='ltr'>in</span> <span class='ocrx_word' id='word_1_388' title='bbox 1880 2071 2118 2143; x_wconf 80' lang='lat' dir='ltr'>Hugone</span> 
     </span>
    </p>
   </div>
   <div class='ocr_carea' id='block_1_53' title="bbox 1101 2132 1540 2192">
    <p class='ocr_par' dir='ltr' id='par_1_53' title="bbox 1101 2132 1540 2192">
     <span class='ocr_line' id='line_1_58' title="bbox 1101 2132 1540 2192; baseline 0.016 -8"><span class='ocrx_word' id='word_1_389' title='bbox 1101 2132 1540 2192; x_wconf 81' lang='lat' dir='ltr'>Flavi-niacensi.</span> 
     </span>
    </p>
   </div>
   <div class='ocr_carea' id='block_1_54' title="bbox 505 2257 2108 2415">
    <p class='ocr_par' dir='ltr' id='par_1_54' title="bbox 505 2257 2108 2415">
     <span class='ocr_line' id='line_1_59' title="bbox 505 2257 2108 2415; baseline 0.015 -25"><span class='ocrx_word' id='word_1_390' title='bbox 505 2335 589 2391; x_wconf 75' lang='lat' dir='ltr'>Ad</span> <span class='ocrx_word' id='word_1_391' title='bbox 618 2339 902 2397; x_wconf 85' lang='lat' dir='ltr'>Urbanum</span> <span class='ocrx_word' id='word_1_392' title='bbox 925 2358 1154 2415; x_wconf 78' lang='lat' dir='ltr'>papam.</span> <span class='ocrx_word' id='word_1_393' title='bbox 1190 2257 1645 2406; x_wconf 50' lang='grc' dir='ltr'>-λῗζιίοὺενιο</span> <span class='ocrx_word' id='word_1_394' title='bbox 1677 2351 1876 2410; x_wconf 83' lang='lat' dir='ltr'>abbate</span> <span class='ocrx_word' id='word_1_395' title='bbox 1909 2355 1968 2412; x_wconf 93' lang='lat' dir='ltr'>S.</span> <span class='ocrx_word' id='word_1_396' title='bbox 2004 2359 2108 2413; x_wconf 76' lang='lat' dir='ltr'>Ite-</span> 
     </span>
    </p>
   </div>
   <div class='ocr_carea' id='block_1_55' title="bbox 1067 2417 1572 2486">
    <p class='ocr_par' dir='ltr' id='par_1_55' title="bbox 1067 2417 1572 2486">
     <span class='ocr_line' id='line_1_60' title="bbox 1067 2417 1572 2486; baseline 0.012 -18"><span class='ocrx_word' id='word_1_397' title='bbox 1067 2417 1227 2486; x_wconf 80' lang='lat' dir='ltr'>migii</span> <span class='ocrx_word' id='word_1_398' title='bbox 1262 2419 1572 2476; x_wconf 79' lang='lat' dir='ltr'>Remensz’s.</span> 
     </span>
    </p>
   </div>
   <div class='ocr_carea' id='block_1_56' title="bbox 1149 2505 1548 2578">
    <p class='ocr_par' dir='ltr' id='par_1_56' title="bbox 1149 2505 1548 2578">
     <span class='ocr_line' id='line_1_61' title="bbox 1149 2505 1548 2578; baseline 0.01 -21"><span class='ocrx_word' id='word_1_399' title='bbox 1149 2505 1327 2573; x_wconf 84' lang='lat' dir='ltr'>(Anno</span> <span class='ocrx_word' id='word_1_400' title='bbox 1355 2509 1548 2578; x_wconf 81' lang='grc'>1197.)</span> 
     </span>
    </p>
   </div>
   <div class='ocr_carea' id='block_1_57' title="bbox 516 2585 2109 2665">
    <p class='ocr_par' dir='ltr' id='par_1_57' title="bbox 516 2585 2109 2665">
     <span class='ocr_line' id='line_1_62' title="bbox 516 2585 2109 2665; baseline 0.011 -22"><span class='ocrx_word' id='word_1_401' title='bbox 516 2585 642 2644; x_wconf 78' lang='lat' dir='ltr'>Vide</span> <span class='ocrx_word' id='word_1_402' title='bbox 679 2589 1019 2665; x_wconf 65' lang='lat' dir='ltr'>Patrologjae</span> <span class='ocrx_word' id='word_1_403' title='bbox 1036 2599 1186 2665; x_wconf 91' lang='lat' dir='ltr'>_t_om.</span> <span class='ocrx_word' id='word_1_404' title='bbox 1222 2594 1380 2661; x_wconf 85' lang='lat' dir='ltr'>XLC,</span> <span class='ocrx_word' id='word_1_405' title='bbox 1424 2598 1530 2650; x_wconf 89' lang='lat' dir='ltr'>col.</span> <span class='ocrx_word' id='word_1_406' title='bbox 1567 2599 1725 2665; x_wconf 68' lang='grc'><strong>1432,</strong></span> <span class='ocrx_word' id='word_1_407' title='bbox 1750 2601 1810 2656; x_wconf 75' lang='lat' dir='ltr'>in</span> <span class='ocrx_word' id='word_1_408' title='bbox 1839 2601 2109 2660; x_wconf 76' lang='lat' dir='ltr'>Chronico</span> 
     </span>
    </p>
   </div>
   <div class='ocr_carea' id='block_1_58' title="bbox 925 2661 1717 2739">
    <p class='ocr_par' dir='ltr' id='par_1_58' title="bbox 925 2661 1717 2739">
     <span class='ocr_line' id='line_1_63' title="bbox 925 2661 1717 2739; baseline 0.013 -23"><span class='ocrx_word' id='word_1_409' title='bbox 925 2663 981 2716; x_wconf 88' lang='lat' dir='ltr'>S.</span> <span class='ocrx_word' id='word_1_410' title='bbox 1021 2661 1266 2720; x_wconf 81' lang='lat' dir='ltr'>Huberti</span> <span class='ocrx_word' id='word_1_411' title='bbox 1298 2661 1717 2739; x_wconf 71' lang='lat' dir='ltr'>Andaginensis</span> 
     </span>
    </p>
   </div>
   <div class='ocr_carea' id='block_1_59' title="bbox 1207 2780 1392 2836">
    <p class='ocr_par' dir='ltr' id='par_1_59' title="bbox 1207 2780 1392 2836">
     <span class='ocr_line' id='line_1_64' title="bbox 1207 2780 1392 2836; baseline 0.011 -2"><span class='ocrx_word' id='word_1_412' title='bbox 1207 2780 1392 2836; x_wconf 81' lang='lat' dir='ltr'>XXII.</span> 
     </span>
    </p>
   </div>
   <div class='ocr_carea' id='block_1_60' title="bbox 503 2860 2104 2937">
    <p class='ocr_par' dir='ltr' id='par_1_60' title="bbox 503 2860 2104 2937">
     <span class='ocr_line' id='line_1_65' title="bbox 503 2860 2104 2937; baseline 0.012 -22"><span class='ocrx_word' id='word_1_413' title='bbox 503 2860 762 2933; x_wconf 70' lang='lat' dir='ltr'>Epistula</span> <span class='ocrx_word' id='word_1_414' title='bbox 782 2865 1024 2936; x_wconf 71' lang='lat' dir='ltr'>[lagonis</span> <span class='ocrx_word' id='word_1_415' title='bbox 1046 2867 1239 2937; x_wconf 78' lang='lat' dir='ltr'>legati,</span> <span class='ocrx_word' id='word_1_416' title='bbox 1263 2871 1335 2924; x_wconf 80' lang='lat' dir='ltr'>ad</span> <span class='ocrx_word' id='word_1_417' title='bbox 1352 2871 1650 2928; x_wconf 70' lang='lat' dir='ltr'>Itobert‘um</span> <span class='ocrx_word' id='word_1_418' title='bbox 1677 2875 1930 2932; x_wconf 82' lang='lat' dir='ltr'>abbatem</span> <span class='ocrx_word' id='word_1_419' title='bbox 1961 2879 2104 2935; x_wconf 78' lang='lat' dir='ltr'>Moli-</span> 
     </span>
    </p>
   </div>
   <div class='ocr_carea' id='block_1_61' title="bbox 603 2939 2001 3004">
    <p class='ocr_par' dir='ltr' id='par_1_61' title="bbox 603 2939 2001 3004">
     <span class='ocr_line' id='line_1_66' title="bbox 603 2939 2001 3004; baseline 0.011 -16"><span class='ocrx_word' id='word_1_420' title='bbox 603 2949 906 3002; x_wconf 78' lang='lat' dir='ltr'>smensem,</span> <span class='ocrx_word' id='word_1_421' title='bbox 931 2939 1148 2994; x_wconf 77' lang='lat' dir='ltr'>ordinis</span> <span class='ocrx_word' id='word_1_422' title='bbox 1172 2940 1560 2998; x_wconf 75' lang='lat' dir='ltr'>Cisterciensis</span> <span class='ocrx_word' id='word_1_423' title='bbox 1583 2945 2001 3004; x_wconf 79' lang='lat' dir='ltr'>institutorem.</span> 
     </span>
    </p>
   </div>
   <div class='ocr_carea' id='block_1_62' title="bbox 996 3027 1604 3101">
    <p class='ocr_par' dir='ltr' id='par_1_62' title="bbox 996 3027 1604 3101">
     <span class='ocr_line' id='line_1_67' title="bbox 996 3027 1604 3101; baseline 0.007 -21"><span class='ocrx_word' id='word_1_424' title='bbox 996 3027 1166 3094; x_wconf 86' lang='lat' dir='ltr'>(Intra</span> <span class='ocrx_word' id='word_1_425' title='bbox 1195 3044 1261 3082; x_wconf 84' lang='lat' dir='ltr'>an</span> <span class='ocrx_word' id='word_1_426' title='bbox 1277 3070 1290 3084; x_wconf 93' lang='lat'>.</span> <span class='ocrx_word' id='word_1_427' title='bbox 1333 3032 1604 3101; x_wconf 61' lang='lat'>1097-98.)</span> 
     </span>
    </p>
   </div>
   <div class='ocr_carea' id='block_1_63' title="bbox 498 3449 2090 3528">
    <p class='ocr_par' dir='ltr' id='par_1_63' title="bbox 498 3449 2090 3528">
     <span class='ocr_line' id='line_1_68' title="bbox 498 3449 2090 3528; baseline 0.011 -25"><span class='ocrx_word' id='word_1_428' title='bbox 498 3449 600 3504; x_wconf 88' lang='lat' dir='ltr'>bus</span> <span class='ocrx_word' id='word_1_429' title='bbox 631 3465 752 3506; x_wconf 90' lang='lat' dir='ltr'>cum</span> <span class='ocrx_word' id='word_1_430' title='bbox 783 3466 850 3506; x_wconf 91' lang='lat' dir='ltr'>eo</span> <span class='ocrx_word' id='word_1_431' title='bbox 879 3454 1181 3508; x_wconf 88' lang='lat' dir='ltr'>secundum</span> <span class='ocrx_word' id='word_1_432' title='bbox 1201 3456 1464 3528; x_wconf 82' lang='lat' dir='ltr'>Regulam</span> <span class='ocrx_word' id='word_1_433' title='bbox 1489 3457 1665 3516; x_wconf 89' lang='lat' dir='ltr'>sancti</span> <span class='ocrx_word' id='word_1_434' title='bbox 1685 3461 2090 3520; x_wconf 86' lang='lat' dir='ltr'>BenedictiDeo</span> 
     </span>
    </p>
   </div>
   <div class='ocr_carea' id='block_1_64' title="bbox 497 3538 1117 3610">
    <p class='ocr_par' dir='ltr' id='par_1_64' title="bbox 497 3538 1117 3610">
     <span class='ocr_line' id='line_1_69' title="bbox 497 3538 1117 3610; baseline 0.006 -18"><span class='ocrx_word' id='word_1_435' title='bbox 497 3538 712 3593; x_wconf 86' lang='lat' dir='ltr'>servire</span> <span class='ocrx_word' id='word_1_436' title='bbox 742 3539 1090 3610; x_wconf 86' lang='lat' dir='ltr'>cupientibus</span> <span class='ocrx_word' id='word_1_437' title='bbox 1103 3585 1117 3596; x_wconf 95' lang='lat'>.</span> 
     </span>
    </p>
   </div>
   <div class='ocr_carea' id='block_1_65' title="bbox 562 3636 2088 3721">
    <p class='ocr_par' dir='ltr' id='par_1_65' title="bbox 562 3636 2088 3721">
     <span class='ocr_line' id='line_1_70' title="bbox 562 3636 2088 3721; baseline 0.011 -31"><span class='ocrx_word' id='word_1_438' title='bbox 562 3636 764 3692; x_wconf 89' lang='lat' dir='ltr'>Notum</span> <span class='ocrx_word' id='word_1_439' title='bbox 796 3638 864 3692; x_wconf 92' lang='lat' dir='ltr'>sit</span> <span class='ocrx_word' id='word_1_440' title='bbox 892 3640 1148 3694; x_wconf 89' lang='lat' dir='ltr'>omnibus</span> <span class='ocrx_word' id='word_1_441' title='bbox 1175 3641 1242 3696; x_wconf 86' lang='lat' dir='ltr'>de</span> <span class='ocrx_word' id='word_1_442' title='bbox 1271 3644 1953 3705; x_wconf 68' lang='lat' dir='ltr'>sanctaz‘matrisEcclesize</span> <span class='ocrx_word' id='word_1_443' title='bbox 1967 3667 2088 3721; x_wconf 89' lang='lat' dir='ltr'>pro-</span> 
     </span>
    </p>
   </div>
   <div class='ocr_carea' id='block_1_66' title="bbox 492 3721 2088 3802">
    <p class='ocr_par' dir='ltr' id='par_1_66' title="bbox 492 3721 2088 3802">
     <span class='ocr_line' id='line_1_71' title="bbox 492 3721 2088 3802; baseline 0.011 -26"><span class='ocrx_word' id='word_1_444' title='bbox 492 3721 634 3780; x_wconf 89' lang='lat' dir='ltr'>fectu</span> <span class='ocrx_word' id='word_1_445' title='bbox 664 3726 1046 3798; x_wconf 85' lang='lat' dir='ltr'>gaudentibus,</span> <span class='ocrx_word' id='word_1_446' title='bbox 1079 3744 1176 3784; x_wconf 88' lang='lat' dir='ltr'>vos</span> <span class='ocrx_word' id='word_1_447' title='bbox 1203 3738 1256 3784; x_wconf 90' lang='lat' dir='ltr'>et</span> <span class='ocrx_word' id='word_1_448' title='bbox 1278 3733 1545 3802; x_wconf 89' lang='lat' dir='ltr'>quosdam</span> <span class='ocrx_word' id='word_1_449' title='bbox 1576 3734 1715 3790; x_wconf 89' lang='lat' dir='ltr'>ﬁlios</span> <span class='ocrx_word' id='word_1_450' title='bbox 1749 3746 1960 3794; x_wconf 89' lang='lat' dir='ltr'>vestros</span> <span class='ocrx_word' id='word_1_451' title='bbox 1980 3741 2088 3795; x_wconf 80' lang='grc' dir='ltr'>Μο-</span> 
     </span>
    </p>
   </div>
   <div class='ocr_carea' id='block_1_67' title="bbox 489 3812 2085 3896">
    <p class='ocr_par' dir='ltr' id='par_1_67' title="bbox 489 3812 2085 3896">
     <span class='ocr_line' id='line_1_72' title="bbox 489 3812 2085 3896; baseline 0.011 -30"><span class='ocrx_word' id='word_1_452' title='bbox 489 3812 768 3869; x_wconf 88' lang='lat' dir='ltr'>lismensis</span> <span class='ocrx_word' id='word_1_453' title='bbox 796 3817 1029 3871; x_wconf 83' lang='lat' dir='ltr'>coenobii</span> <span class='ocrx_word' id='word_1_454' title='bbox 1059 3817 1249 3874; x_wconf 88' lang='lat' dir='ltr'>fratres</span> <span class='ocrx_word' id='word_1_455' title='bbox 1271 3819 1514 3892; x_wconf 80' lang='lat' dir='ltr'>Lugduni</span> <span class='ocrx_word' id='word_1_456' title='bbox 1545 3823 1602 3876; x_wconf 91' lang='lat' dir='ltr'>in</span> <span class='ocrx_word' id='word_1_457' title='bbox 1630 3833 1811 3879; x_wconf 85' lang='lat' dir='ltr'>nostra</span> <span class='ocrx_word' id='word_1_458' title='bbox 1843 3843 2085 3896; x_wconf 64' lang='lat' dir='ltr'>praesen-</span> 
     </span>
    </p>
   </div>
   <div class='ocr_carea' id='block_1_68' title="bbox 487 3909 2084 3992">
    <p class='ocr_par' dir='ltr' id='par_1_68' title="bbox 487 3909 2084 3992">
     <span class='ocr_line' id='line_1_73' title="bbox 487 3909 2084 3992; baseline 0.011 -30"><span class='ocrx_word' id='word_1_459' title='bbox 487 3909 562 3963; x_wconf 88' lang='lat' dir='ltr'>tia</span> <span class='ocrx_word' id='word_1_460' title='bbox 593 3909 848 3976; x_wconf 88' lang='lat' dir='ltr'>astitisse,</span> <span class='ocrx_word' id='word_1_461' title='bbox 879 3927 944 3966; x_wconf 83' lang='lat' dir='ltr'>ac</span> <span class='ocrx_word' id='word_1_462' title='bbox 974 3913 1199 3984; x_wconf 68' lang='lat' dir='ltr'>Regula:</span> <span class='ocrx_word' id='word_1_463' title='bbox 1241 3913 1382 3970; x_wconf 89' lang='lat' dir='ltr'>beati</span> <span class='ocrx_word' id='word_1_464' title='bbox 1412 3917 1710 3988; x_wconf 90' lang='lat' dir='ltr'>Benedicti,</span> <span class='ocrx_word' id='word_1_465' title='bbox 1743 3939 1905 3992; x_wconf 88' lang='lat' dir='ltr'>quam</span> <span class='ocrx_word' id='word_1_466' title='bbox 1957 3925 2084 3980; x_wconf 91' lang='lat' dir='ltr'>illuc</span> 
     </span>
    </p>
   </div>
   <div class='ocr_carea' id='block_1_69' title="bbox 484 3999 2082 4074">
    <p class='ocr_par' dir='ltr' id='par_1_69' title="bbox 484 3999 2082 4074">
     <span class='ocr_line' id='line_1_74' title="bbox 484 3999 2082 4074; baseline 0.011 -23"><span class='ocrx_word' id='word_1_467' title='bbox 484 4014 660 4070; x_wconf 90' lang='lat' dir='ltr'>usque</span> <span class='ocrx_word' id='word_1_468' title='bbox 691 3999 869 4069; x_wconf 92' lang='lat' dir='ltr'>tepide</span> <span class='ocrx_word' id='word_1_469' title='bbox 891 4015 957 4055; x_wconf 91' lang='lat' dir='ltr'>ac</span> <span class='ocrx_word' id='word_1_470' title='bbox 985 4002 1334 4074; x_wconf 85' lang='lat' dir='ltr'>negligenter</span> <span class='ocrx_word' id='word_1_471' title='bbox 1381 4005 1436 4058; x_wconf 89' lang='lat' dir='ltr'>in</span> <span class='ocrx_word' id='word_1_472' title='bbox 1495 4007 1686 4063; x_wconf 88' lang='lat' dir='ltr'>eodem</span> <span class='ocrx_word' id='word_1_473' title='bbox 1746 4015 2082 4069; x_wconf 87' lang='lat' dir='ltr'>monasterio</span> 
     </span>
    </p>
   </div>
   <div class='ocr_carea' id='block_1_70' title="bbox 479 4088 2079 4168">
    <p class='ocr_par' dir='ltr' id='par_1_70' title="bbox 479 4088 2079 4168">
     <span class='ocr_line' id='line_1_75' title="bbox 479 4088 2079 4168; baseline 0.011 -28"><span class='ocrx_word' id='word_1_474' title='bbox 479 4088 801 4154; x_wconf 80' lang='lat' dir='ltr'>tenueratis,</span> <span class='ocrx_word' id='word_1_475' title='bbox 836 4089 1039 4146; x_wconf 84' lang='lat' dir='ltr'>arctius</span> <span class='ocrx_word' id='word_1_476' title='bbox 1069 4091 1330 4164; x_wconf 87' lang='lat' dir='ltr'>deinceps</span> <span class='ocrx_word' id='word_1_477' title='bbox 1371 4100 1536 4166; x_wconf 89' lang='lat' dir='ltr'>atque</span> <span class='ocrx_word' id='word_1_478' title='bbox 1570 4097 1864 4168; x_wconf 87' lang='lat' dir='ltr'>perfectius</span> <span class='ocrx_word' id='word_1_479' title='bbox 1904 4101 2079 4158; x_wconf 78' lang='lat' dir='ltr'>iubae-</span> 
     </span>
    </p>
   </div>
   <div class='ocr_carea' id='block_1_71' title="bbox 482 4177 2081 4260">
    <p class='ocr_par' dir='ltr' id='par_1_71' title="bbox 482 4177 2081 4260">
     <span class='ocr_line' id='line_1_76' title="bbox 482 4177 2081 4260; baseline 0.011 -29"><span class='ocrx_word' id='word_1_480' title='bbox 482 4192 608 4232; x_wconf 86' lang='lat' dir='ltr'>rere</span> <span class='ocrx_word' id='word_1_481' title='bbox 629 4177 770 4232; x_wconf 90' lang='lat' dir='ltr'>velle</span> <span class='ocrx_word' id='word_1_482' title='bbox 781 4178 1062 4247; x_wconf 88' lang='lat' dir='ltr'>professos</span> <span class='ocrx_word' id='word_1_483' title='bbox 1085 4180 1275 4236; x_wconf 91' lang='lat' dir='ltr'>fuisse.</span> <span class='ocrx_word' id='word_1_484' title='bbox 1296 4181 1452 4250; x_wconf 90' lang='lat' dir='ltr'>Quod</span> <span class='ocrx_word' id='word_1_485' title='bbox 1469 4185 1595 4256; x_wconf 88' lang='lat' dir='ltr'>quia</span> <span class='ocrx_word' id='word_1_486' title='bbox 1611 4186 1662 4240; x_wconf 89' lang='lat' dir='ltr'>in</span> <span class='ocrx_word' id='word_1_487' title='bbox 1681 4187 1802 4244; x_wconf 92' lang='lat' dir='ltr'>loco</span> <span class='ocrx_word' id='word_1_488' title='bbox 1819 4191 2081 4260; x_wconf 66' lang='lat' dir='ltr'>prredielo</span> 
     </span>
    </p>
   </div>
   <div class='ocr_carea' id='block_1_72' title="bbox 480 4263 2075 4348">
    <p class='ocr_par' dir='ltr' id='par_1_72' title="bbox 480 4263 2075 4348">
     <span class='ocr_line' id='line_1_77' title="bbox 480 4263 2075 4348; baseline 0.013 -31"><span class='ocrx_word' id='word_1_489' title='bbox 480 4263 734 4335; x_wconf 86' lang='lat' dir='ltr'>pluribus</span> <span class='ocrx_word' id='word_1_490' title='bbox 763 4265 1181 4336; x_wconf 85' lang='lat' dir='ltr'>impedientibus</span> <span class='ocrx_word' id='word_1_491' title='bbox 1211 4271 1393 4326; x_wconf 89' lang='lat' dir='ltr'>causis</span> <span class='ocrx_word' id='word_1_492' title='bbox 1416 4282 1629 4329; x_wconf 88' lang='lat' dir='ltr'>constat</span> <span class='ocrx_word' id='word_1_493' title='bbox 1649 4277 1947 4348; x_wconf 86' lang='lat' dir='ltr'>adimplere</span> <span class='ocrx_word' id='word_1_494' title='bbox 1969 4297 2075 4337; x_wconf 91' lang='lat' dir='ltr'>non</span> 
     </span>
    </p>
   </div>
   <div class='ocr_carea' id='block_1_73' title="bbox 479 4364 2073 4438">
    <p class='ocr_par' dir='ltr' id='par_1_73' title="bbox 479 4364 2073 4438">
     <span class='ocr_line' id='line_1_78' title="bbox 479 4364 2073 4438; baseline 0.014 -25"><span class='ocrx_word' id='word_1_495' title='bbox 479 4376 665 4430; x_wconf 90' lang='lat' dir='ltr'>posse,</span> <span class='ocrx_word' id='word_1_496' title='bbox 697 4377 797 4416; x_wconf 91' lang='lat' dir='ltr'>nos</span> <span class='ocrx_word' id='word_1_497' title='bbox 829 4364 1107 4436; x_wconf 88' lang='lat' dir='ltr'>utriusque</span> <span class='ocrx_word' id='word_1_498' title='bbox 1138 4369 1308 4438; x_wconf 86' lang='lat' dir='ltr'>partis</span> <span class='ocrx_word' id='word_1_499' title='bbox 1333 4369 1492 4425; x_wconf 90' lang='lat' dir='ltr'>saluti</span> <span class='ocrx_word' id='word_1_500' title='bbox 1513 4371 1904 4432; x_wconf 84' lang='lat' dir='ltr'>videlicetinde</span> <span class='ocrx_word' id='word_1_501' title='bbox 1918 4395 2073 4434; x_wconf 84' lang='lat' dir='ltr'>rece-</span> 
     </span>
    </p>
   </div>
   <div class='ocr_carea' id='block_1_74' title="bbox 477 4449 2070 4532">
    <p class='ocr_par' dir='ltr' id='par_1_74' title="bbox 477 4449 2070 4532">
     <span class='ocr_line' id='line_1_79' title="bbox 477 4449 2070 4532; baseline 0.011 -28"><span class='ocrx_word' id='word_1_502' title='bbox 477 4449 719 4504; x_wconf 89' lang='lat' dir='ltr'>dentium</span> <span class='ocrx_word' id='word_1_503' title='bbox 747 4459 909 4522; x_wconf 84' lang='lat' dir='ltr'>atque</span> <span class='ocrx_word' id='word_1_504' title='bbox 941 4453 1049 4508; x_wconf 90' lang='lat' dir='ltr'>illic</span> <span class='ocrx_word' id='word_1_505' title='bbox 1079 4457 1469 4512; x_wconf 85' lang='lat' dir='ltr'>remanentium</span> <span class='ocrx_word' id='word_1_506' title='bbox 1507 4462 1877 4532; x_wconf 85' lang='lat' dir='ltr'>providentes,</span> <span class='ocrx_word' id='word_1_507' title='bbox 1910 4466 1962 4520; x_wconf 92' lang='lat' dir='ltr'>in</span> <span class='ocrx_word' id='word_1_508' title='bbox 1985 4467 2070 4523; x_wconf 93' lang='lat' dir='ltr'>lo-</span> 
     </span>
    </p>
   </div>
   <div class='ocr_carea' id='block_1_75' title="bbox 473 4537 2062 4626">
    <p class='ocr_par' dir='ltr' id='par_1_75' title="bbox 473 4537 2062 4626">
     <span class='ocr_line' id='line_1_80' title="bbox 473 4537 2062 4626; baseline 0.013 -35"><span class='ocrx_word' id='word_1_509' title='bbox 473 4552 596 4592; x_wconf 87' lang='lat' dir='ltr'>cum</span> <span class='ocrx_word' id='word_1_510' title='bbox 626 4537 811 4606; x_wconf 89' lang='lat' dir='ltr'>alium,</span> <span class='ocrx_word' id='word_1_511' title='bbox 841 4557 1010 4611; x_wconf 86' lang='lat' dir='ltr'>quem</span> <span class='ocrx_word' id='word_1_512' title='bbox 1046 4544 1200 4600; x_wconf 86' lang='lat' dir='ltr'>vobis</span> <span class='ocrx_word' id='word_1_513' title='bbox 1222 4545 1402 4602; x_wconf 87' lang='lat' dir='ltr'>divina</span> <span class='ocrx_word' id='word_1_514' title='bbox 1426 4549 1650 4622; x_wconf 89' lang='lat' dir='ltr'>largitas</span> <span class='ocrx_word' id='word_1_515' title='bbox 1671 4552 2062 4626; x_wconf 81' lang='lat' dir='ltr'>designaverit,</span> 
     </span>
    </p>
   </div>
   <div class='ocr_carea' id='block_1_76' title="bbox 469 4627 2063 4710">
    <p class='ocr_par' dir='ltr' id='par_1_76' title="bbox 469 4627 2063 4710">
     <span class='ocr_line' id='line_1_81' title="bbox 469 4627 2063 4710; baseline 0.014 -34"><span class='ocrx_word' id='word_1_516' title='bbox 469 4642 574 4681; x_wconf 83' lang='lat' dir='ltr'>vos</span> <span class='ocrx_word' id='word_1_517' title='bbox 602 4627 903 4695; x_wconf 89' lang='lat' dir='ltr'>declinare,</span> <span class='ocrx_word' id='word_1_518' title='bbox 936 4630 1118 4702; x_wconf 83' lang='lat' dir='ltr'>ibique</span> <span class='ocrx_word' id='word_1_519' title='bbox 1178 4633 1448 4690; x_wconf 87' lang='lat' dir='ltr'>salubrius</span> <span class='ocrx_word' id='word_1_520' title='bbox 1491 4647 1653 4710; x_wconf 86' lang='lat' dir='ltr'>atque</span> <span class='ocrx_word' id='word_1_521' title='bbox 1686 4641 1920 4710; x_wconf 89' lang='lat' dir='ltr'>quietius</span> <span class='ocrx_word' id='word_1_522' title='bbox 1951 4644 2063 4699; x_wconf 89' lang='lat' dir='ltr'>Do-</span> 
     </span>
    </p>
   </div>
   <div class='ocr_carea' id='block_1_77' title="bbox 463 4715 2062 4800">
    <p class='ocr_par' dir='ltr' id='par_1_77' title="bbox 463 4715 2062 4800">
     <span class='ocr_line' id='line_1_82' title="bbox 463 4715 2062 4800; baseline 0.011 -30"><span class='ocrx_word' id='word_1_523' title='bbox 463 4715 614 4770; x_wconf 89' lang='lat' dir='ltr'>mino</span> <span class='ocrx_word' id='word_1_524' title='bbox 644 4715 902 4772; x_wconf 76' lang='lat' dir='ltr'>famulari</span> <span class='ocrx_word' id='word_1_525' title='bbox 927 4719 1055 4774; x_wconf 86' lang='lat' dir='ltr'>utile</span> <span class='ocrx_word' id='word_1_526' title='bbox 1085 4721 1337 4778; x_wconf 83' lang='lat' dir='ltr'>duximus</span> <span class='ocrx_word' id='word_1_527' title='bbox 1381 4723 1518 4780; x_wconf 86' lang='lat' dir='ltr'>fore.</span> <span class='ocrx_word' id='word_1_528' title='bbox 1565 4727 1731 4782; x_wconf 87' lang='lat' dir='ltr'>Vobis</span> <span class='ocrx_word' id='word_1_529' title='bbox 1769 4746 1908 4800; x_wconf 81' lang='lat' dir='ltr'>ergo</span> <span class='ocrx_word' id='word_1_530' title='bbox 1939 4740 2062 4788; x_wconf 90' lang='lat' dir='ltr'>tunc</span> 
     </span>
    </p>
   </div>
   <div class='ocr_carea' id='block_1_78' title="bbox 459 4805 2055 4887">
    <p class='ocr_par' dir='ltr' id='par_1_78' title="bbox 459 4805 2055 4887">
     <span class='ocr_line' id='line_1_83' title="bbox 459 4805 2055 4887; baseline 0.012 -30"><span class='ocrx_word' id='word_1_531' title='bbox 459 4805 825 4876; x_wconf 67' lang='lat' dir='ltr'>praesentibus</span> <span class='ocrx_word' id='word_1_532' title='bbox 871 4807 1110 4864; x_wconf 82' lang='lat' dir='ltr'>Roberto</span> <span class='ocrx_word' id='word_1_533' title='bbox 1147 4811 1350 4877; x_wconf 84' lang='lat' dir='ltr'>abbati,</span> <span class='ocrx_word' id='word_1_534' title='bbox 1402 4812 1740 4887; x_wconf 84' lang='lat' dir='ltr'>fatribusque</span> <span class='ocrx_word' id='word_1_535' title='bbox 1781 4819 2055 4886; x_wconf 86' lang='lat' dir='ltr'>Alberico,</span> 
     </span>
    </p>
   </div>
   <div class='ocr_carea' id='block_1_79' title="bbox 457 4893 2057 4969">
    <p class='ocr_par' dir='ltr' id='par_1_79' title="bbox 457 4893 2057 4969">
     <span class='ocr_line' id='line_1_84' title="bbox 457 4893 2057 4969; baseline 0.011 -21"><span class='ocrx_word' id='word_1_536' title='bbox 457 4893 656 4961; x_wconf 88' lang='lat' dir='ltr'>Odoni,</span> <span class='ocrx_word' id='word_1_537' title='bbox 681 4895 901 4961; x_wconf 83' lang='lat' dir='ltr'>Joanni,</span> <span class='ocrx_word' id='word_1_538' title='bbox 927 4895 1234 4968; x_wconf 87' lang='lat' dir='ltr'>Stephano,</span> <span class='ocrx_word' id='word_1_539' title='bbox 1270 4900 1489 4956; x_wconf 85' lang='lat' dir='ltr'>Letaldo</span> <span class='ocrx_word' id='word_1_540' title='bbox 1520 4912 1571 4958; x_wconf 91' lang='lat' dir='ltr'>et</span> <span class='ocrx_word' id='word_1_541' title='bbox 1605 4905 1779 4969; x_wconf 86' lang='lat' dir='ltr'>Petro,</span> <span class='ocrx_word' id='word_1_542' title='bbox 1813 4909 1908 4962; x_wconf 90' lang='lat' dir='ltr'>sed</span> <span class='ocrx_word' id='word_1_543' title='bbox 1941 4925 2057 4964; x_wconf 89' lang='lat' dir='ltr'>om-</span> 
     </span>
    </p>
   </div>
   <div class='ocr_carea' id='block_1_80' title="bbox 451 4983 2136 5058">
    <p class='ocr_par' dir='ltr' id='par_1_80' title="bbox 451 4983 2136 5058">
     <span class='ocr_line' id='line_1_85' title="bbox 451 4983 2136 5058; baseline 0.011 -20"><span class='ocrx_word' id='word_1_544' title='bbox 451 4983 613 5038; x_wconf 83' lang='lat' dir='ltr'>nibus</span> <span class='ocrx_word' id='word_1_545' title='bbox 642 5001 780 5054; x_wconf 89' lang='lat' dir='ltr'>quos</span> <span class='ocrx_word' id='word_1_546' title='bbox 839 4985 1166 5058; x_wconf 75' lang='lat' dir='ltr'>regulariter</span> <span class='ocrx_word' id='word_1_547' title='bbox 1195 4997 1246 5042; x_wconf 92' lang='lat' dir='ltr'>et</span> <span class='ocrx_word' id='word_1_548' title='bbox 1276 4992 1552 5046; x_wconf 91' lang='lat' dir='ltr'>communi</span> <span class='ocrx_word' id='word_1_549' title='bbox 1611 4995 1840 5052; x_wconf 87' lang='lat' dir='ltr'>consilio</span> <span class='ocrx_word' id='word_1_550' title='bbox 1901 4999 2054 5055; x_wconf 91' lang='lat' dir='ltr'>vobis</span> <span class='ocrx_word' id='word_1_551' title='bbox 2131 5031 2136 5037; x_wconf 69' lang='grc' dir='ltr'>ι</span> 
     </span>
    </p>
   </div>
   <div class='ocr_carea' id='block_1_81' title="bbox 451 5072 2049 5154">
    <p class='ocr_par' dir='ltr' id='par_1_81' title="bbox 451 5072 2049 5154">
     <span class='ocr_line' id='line_1_86' title="bbox 451 5072 2049 5154; baseline 0.011 -28"><span class='ocrx_word' id='word_1_552' title='bbox 451 5072 664 5128; x_wconf 83' lang='lat' dir='ltr'>sociare</span> <span class='ocrx_word' id='word_1_553' title='bbox 687 5073 1062 5138; x_wconf 85' lang='lat' dir='ltr'>decreveritis,</span> <span class='ocrx_word' id='word_1_554' title='bbox 1089 5077 1191 5132; x_wconf 90' lang='lat' dir='ltr'>hoc</span> <span class='ocrx_word' id='word_1_555' title='bbox 1231 5087 1475 5134; x_wconf 59' lang='lat' dir='ltr'>sanctum</span> <span class='ocrx_word' id='word_1_556' title='bbox 1533 5085 1868 5154; x_wconf 84' lang='lat' dir='ltr'>propositum</span> <span class='ocrx_word' id='word_1_557' title='bbox 1929 5105 2049 5142; x_wconf 78' lang='lat' dir='ltr'>ser-</span> 
     </span>
    </p>
   </div>
   <div class='ocr_carea' id='block_1_82' title="bbox 445 5161 2048 5238">
    <p class='ocr_par' dir='ltr' id='par_1_82' title="bbox 445 5161 2048 5238">
     <span class='ocr_line' id='line_1_87' title="bbox 445 5161 2048 5238; baseline 0.011 -27"><span class='ocrx_word' id='word_1_558' title='bbox 445 5172 601 5224; x_wconf 86' lang='lat' dir='ltr'>vare,</span> <span class='ocrx_word' id='word_1_559' title='bbox 634 5165 685 5211; x_wconf 90' lang='lat' dir='ltr'>et</span> <span class='ocrx_word' id='word_1_560' title='bbox 719 5165 847 5214; x_wconf 90' lang='lat' dir='ltr'>tunc</span> <span class='ocrx_word' id='word_1_561' title='bbox 895 5161 1269 5215; x_wconf 85' lang='lat' dir='ltr'>consuluimus</span> <span class='ocrx_word' id='word_1_562' title='bbox 1299 5171 1350 5218; x_wconf 89' lang='lat' dir='ltr'>et</span> <span class='ocrx_word' id='word_1_563' title='bbox 1379 5173 1436 5218; x_wconf 90' lang='lat' dir='ltr'>ut</span> <span class='ocrx_word' id='word_1_564' title='bbox 1465 5164 1518 5219; x_wconf 91' lang='lat' dir='ltr'>in</span> <span class='ocrx_word' id='word_1_565' title='bbox 1571 5181 1636 5222; x_wconf 89' lang='lat' dir='ltr'>eo</span> <span class='ocrx_word' id='word_1_566' title='bbox 1682 5173 2048 5238; x_wconf 88' lang='lat' dir='ltr'>perseveretis</span> 
     </span>
    </p>
   </div>
   <div class='ocr_carea' id='block_1_83' title="bbox 442 5246 2043 5332">
    <p class='ocr_par' dir='ltr' id='par_1_83' title="bbox 442 5246 2043 5332">
     <span class='ocr_line' id='line_1_88' title="bbox 442 5246 2043 5332; baseline 0.012 -34"><span class='ocrx_word' id='word_1_567' title='bbox 442 5246 818 5316; x_wconf 63' lang='lat' dir='ltr'>praecipimus,</span> <span class='ocrx_word' id='word_1_568' title='bbox 877 5255 931 5302; x_wconf 90' lang='lat' dir='ltr'>et</span> <span class='ocrx_word' id='word_1_569' title='bbox 978 5251 1305 5307; x_wconf 85' lang='lat' dir='ltr'>auctoritate</span> <span class='ocrx_word' id='word_1_570' title='bbox 1381 5255 1684 5323; x_wconf 87' lang='lat' dir='ltr'>apostolica</span> <span class='ocrx_word' id='word_1_571' title='bbox 1743 5275 1839 5327; x_wconf 90' lang='lat' dir='ltr'>per</span> <span class='ocrx_word' id='word_1_572' title='bbox 1881 5261 2043 5332; x_wconf 87' lang='lat' dir='ltr'>sigilli</span> 
     </span>
    </p>
   </div>
   <div class='ocr_carea' id='block_1_84' title="bbox 439 5335 1929 5411">
    <p class='ocr_par' dir='ltr' id='par_1_84' title="bbox 439 5335 1929 5411">
     <span class='ocr_line' id='line_1_89' title="bbox 439 5335 1929 5411; baseline 0.011 -25"><span class='ocrx_word' id='word_1_573' title='bbox 439 5335 612 5390; x_wconf 82' lang='lat' dir='ltr'>nostri</span> <span class='ocrx_word' id='word_1_574' title='bbox 641 5335 1060 5406; x_wconf 85' lang='lat' dir='ltr'>impressionem</span> <span class='ocrx_word' id='word_1_575' title='bbox 1095 5338 1152 5393; x_wconf 91' lang='lat' dir='ltr'>in</span> <span class='ocrx_word' id='word_1_576' title='bbox 1177 5348 1496 5411; x_wconf 89' lang='lat' dir='ltr'>perpetuum</span> <span class='ocrx_word' id='word_1_577' title='bbox 1519 5343 1929 5404; x_wconf 85' lang='lat' dir='ltr'>conﬁrmamus.</span> 
     </span>
    </p>
   </div>
   <div class='ocr_carea' id='block_1_85' title="bbox 1109 5465 1334 5519">
    <p class='ocr_par' dir='ltr' id='par_1_85' title="bbox 1109 5465 1334 5519">
     <span class='ocr_line' id='line_1_90' title="bbox 1109 5465 1334 5519; baseline 0.009 -2"><span class='ocrx_word' id='word_1_578' title='bbox 1109 5465 1334 5519; x_wconf 77' lang='lat' dir='ltr'>&#39;XXIII.</span> 
     </span>
    </p>
   </div>
   <div class='ocr_carea' id='block_1_86' title="bbox 434 5542 2033 5631">
    <p class='ocr_par' dir='ltr' id='par_1_86' title="bbox 434 5542 2033 5631">
     <span class='ocr_line' id='line_1_91' title="bbox 434 5542 2033 5631; baseline 0.014 -31"><span class='ocrx_word' id='word_1_579' title='bbox 434 5542 735 5602; x_wconf 82' lang='lat' dir='ltr'>Decretum</span> <span class='ocrx_word' id='word_1_580' title='bbox 756 5550 1002 5631; x_wconf 68' lang='lat' dir='ltr'>[lagonis</span> <span class='ocrx_word' id='word_1_581' title='bbox 1032 5552 1306 5631; x_wconf 66' lang='lat' dir='ltr'>legatiab</span> <span class='ocrx_word' id='word_1_582' title='bbox 1339 5559 1450 5631; x_wconf 71' lang='lat' dir='ltr'>toto</span> <span class='ocrx_word' id='word_1_583' title='bbox 1474 5562 1692 5631; x_wconf 78' lang='lat' dir='ltr'>negotio</span> <span class='ocrx_word' id='word_1_584' title='bbox 1711 5564 2033 5622; x_wconf 74' lang='lat' dir='ltr'>Molismen-</span> 
     </span>
    </p>
   </div>
   <div class='ocr_carea' id='block_1_87' title="bbox 808 5623 1659 5694">
    <p class='ocr_par' dir='ltr' id='par_1_87' title="bbox 808 5623 1659 5694">
     <span class='ocr_line' id='line_1_92' title="bbox 808 5623 1659 5694; baseline 0.012 -18"><span class='ocrx_word' id='word_1_585' title='bbox 808 5623 958 5676; x_wconf 76' lang='lat' dir='ltr'>siam</span> <span class='ocrx_word' id='word_1_586' title='bbox 981 5629 1150 5694; x_wconf 75' lang='lat' dir='ltr'>atque</span> <span class='ocrx_word' id='word_1_587' title='bbox 1176 5623 1659 5687; x_wconf 57' lang='lat' dir='ltr'>bisterciensiitm.</span> 
     </span>
    </p>
   </div>
   <div class='ocr_carea' id='block_1_88' title="bbox 927 5709 1546 5788">
    <p class='ocr_par' dir='ltr' id='par_1_88' title="bbox 927 5709 1546 5788">
     <span class='ocr_line' id='line_1_93' title="bbox 927 5709 1546 5788; baseline 0.015 -26"><span class='ocrx_word' id='word_1_588' title='bbox 927 5709 1100 5776; x_wconf 91' lang='lat' dir='ltr'>(lntra</span> <span class='ocrx_word' id='word_1_589' title='bbox 1127 5727 1218 5768; x_wconf 89' lang='lat' dir='ltr'>an.</span> <span class='ocrx_word' id='word_1_590' title='bbox 1247 5717 1546 5788; x_wconf 75' lang='lat'>1097-98.)</span> 
     </span>
    </p>
   </div>
   <div class='ocr_carea' id='block_1_89' title="bbox 935 5793 1504 5876">
    <p class='ocr_par' dir='ltr' id='par_1_89' title="bbox 935 5793 1504 5876">
     <span class='ocr_line' id='line_1_94' title="bbox 935 5793 1504 5876; baseline 0.019 -27"><span class='ocrx_word' id='word_1_591' title='bbox 935 5793 1137 5866; x_wconf 57' lang='lat' dir='ltr'>[Lassa</span> <span class='ocrx_word' id='word_1_592' title='bbox 1162 5800 1258 5854; x_wconf 83' lang='lat' dir='ltr'>ubi</span> <span class='ocrx_word' id='word_1_593' title='bbox 1285 5804 1504 5876; x_wconf 85' lang='lat' dir='ltr'>supra.]</span> 
     </span>
    </p>
   </div>
   <div class='ocr_carea' id='block_1_90' title="bbox 491 5875 2022 5961">
    <p class='ocr_par' dir='ltr' id='par_1_90' title="bbox 491 5875 2022 5961">
     <span class='ocr_line' id='line_1_95' title="bbox 491 5875 2022 5961; baseline 0.018 -28"><span class='ocrx_word' id='word_1_594' title='bbox 491 5875 670 5950; x_wconf 76' lang='lat' dir='ltr'>Haec,</span> <span class='ocrx_word' id='word_1_595' title='bbox 713 5879 1096 5955; x_wconf 81' lang='lat' dir='ltr'>Lugdunensis</span> <span class='ocrx_word' id='word_1_596' title='bbox 1139 5887 1404 5946; x_wconf 64' lang='lat' dir='ltr'>Ecclesiae</span> <span class='ocrx_word' id='word_1_597' title='bbox 1451 5875 1643 5950; x_wconf 81' lang='lat' dir='ltr'>servus</span> <span class='ocrx_word' id='word_1_598' title='bbox 1695 5899 2022 5961; x_wconf 87' lang='lat' dir='ltr'>charissimo</span> 
     </span>
    </p>
   </div>
   <div class='ocr_carea' id='block_1_91' title="bbox 2199 3459 3795 3545">
    <p class='ocr_par' dir='ltr' id='par_1_91' title="bbox 2199 3459 3795 3545">
     <span class='ocr_line' id='line_1_96' title="bbox 2199 3459 3795 3545; baseline 0.022 -34"><span class='ocrx_word' id='word_1_599' title='bbox 2199 3459 2330 3528; x_wconf 89' lang='lat' dir='ltr'>piat.</span> <span class='ocrx_word' id='word_1_600' title='bbox 2367 3463 2626 3520; x_wconf 89' lang='lat' dir='ltr'>Dedimus</span> <span class='ocrx_word' id='word_1_601' title='bbox 2657 3469 2820 3524; x_wconf 90' lang='lat' dir='ltr'>etiam</span> <span class='ocrx_word' id='word_1_602' title='bbox 2853 3471 3129 3530; x_wconf 88' lang='lat' dir='ltr'>licentiam</span> <span class='ocrx_word' id='word_1_603' title='bbox 3158 3493 3278 3534; x_wconf 90' lang='lat' dir='ltr'>cum</span> <span class='ocrx_word' id='word_1_604' title='bbox 3303 3497 3370 3536; x_wconf 91' lang='lat' dir='ltr'>eo</span> <span class='ocrx_word' id='word_1_605' title='bbox 3400 3485 3666 3542; x_wconf 81' lang='lat' dir='ltr'>redeundi</span> <span class='ocrx_word' id='word_1_606' title='bbox 3687 3491 3795 3545; x_wconf 78' lang='lat' dir='ltr'>Mo-</span> 
     </span>
    </p>
   </div>
   <div class='ocr_carea' id='block_1_92' title="bbox 2195 3546 3774 3635">
    <p class='ocr_par' dir='ltr' id='par_1_92' title="bbox 2195 3546 3774 3635">
     <span class='ocr_line' id='line_1_97' title="bbox 2195 3546 3774 3635; baseline 0.022 -34"><span class='ocrx_word' id='word_1_607' title='bbox 2195 3546 2414 3604; x_wconf 89' lang='lat' dir='ltr'>lismum</span> <span class='ocrx_word' id='word_1_608' title='bbox 2445 3555 2696 3611; x_wconf 90' lang='lat' dir='ltr'>omnibus</span> <span class='ocrx_word' id='word_1_609' title='bbox 2726 3558 2831 3614; x_wconf 88' lang='lat' dir='ltr'>illis</span> <span class='ocrx_word' id='word_1_610' title='bbox 2859 3559 2929 3615; x_wconf 87' lang='lat' dir='ltr'>de</span> <span class='ocrx_word' id='word_1_611' title='bbox 2989 3564 3243 3623; x_wconf 88' lang='lat' dir='ltr'>fratribus</span> <span class='ocrx_word' id='word_1_612' title='bbox 3285 3570 3423 3626; x_wconf 87' lang='lat' dir='ltr'>Novi</span> <span class='ocrx_word' id='word_1_613' title='bbox 3475 3581 3774 3635; x_wconf 75' lang='lat' dir='ltr'>monasten’</span> 
     </span>
    </p>
   </div>
   <div class='ocr_carea' id='block_1_93' title="bbox 2198 3637 3789 3725">
    <p class='ocr_par' dir='ltr' id='par_1_93' title="bbox 2198 3637 3789 3725">
     <span class='ocr_line' id='line_1_98' title="bbox 2198 3637 3789 3725; baseline 0.022 -35"><span class='ocrx_word' id='word_1_614' title='bbox 2198 3637 2290 3708; x_wconf 89' lang='lat' dir='ltr'>qui</span> <span class='ocrx_word' id='word_1_615' title='bbox 2321 3654 2444 3694; x_wconf 91' lang='lat' dir='ltr'>eum</span> <span class='ocrx_word' id='word_1_616' title='bbox 2477 3645 2648 3700; x_wconf 89' lang='lat' dir='ltr'>secuti</span> <span class='ocrx_word' id='word_1_617' title='bbox 2683 3645 2883 3704; x_wconf 81' lang='lat' dir='ltr'>fuerint</span> <span class='ocrx_word' id='word_1_618' title='bbox 2921 3653 3142 3724; x_wconf 86' lang='lat' dir='ltr'>quando</span> <span class='ocrx_word' id='word_1_619' title='bbox 3180 3673 3212 3711; x_wconf 87' lang='lat' dir='ltr'>a</span> <span class='ocrx_word' id='word_1_620' title='bbox 3250 3658 3408 3714; x_wconf 86' lang='lat' dir='ltr'>Novo</span> <span class='ocrx_word' id='word_1_621' title='bbox 3463 3670 3789 3725; x_wconf 88' lang='lat' dir='ltr'>monasterio</span> 
     </span>
    </p>
   </div>
   <div class='ocr_carea' id='block_1_94' title="bbox 2195 3739 3786 3822">
    <p class='ocr_par' dir='ltr' id='par_1_94' title="bbox 2195 3739 3786 3822">
     <span class='ocr_line' id='line_1_99' title="bbox 2195 3739 3786 3822; baseline 0.02 -34"><span class='ocrx_word' id='word_1_622' title='bbox 2195 3739 2506 3808; x_wconf 82' lang='lat' dir='ltr'>iecesserit,</span> <span class='ocrx_word' id='word_1_623' title='bbox 2541 3743 2633 3797; x_wconf 90' lang='lat' dir='ltr'>tali</span> <span class='ocrx_word' id='word_1_624' title='bbox 2663 3745 2972 3804; x_wconf 87' lang='lat' dir='ltr'>conditione</span> <span class='ocrx_word' id='word_1_625' title='bbox 2997 3759 3055 3804; x_wconf 89' lang='lat' dir='ltr'>ut</span> <span class='ocrx_word' id='word_1_626' title='bbox 3081 3751 3300 3810; x_wconf 85' lang='lat' dir='ltr'>decreto</span> <span class='ocrx_word' id='word_1_627' title='bbox 3347 3766 3536 3815; x_wconf 87' lang='lat' dir='ltr'>neuter</span> <span class='ocrx_word' id='word_1_628' title='bbox 3563 3773 3786 3822; x_wconf 88' lang='lat' dir='ltr'>neutros</span> 
     </span>
    </p>
   </div>
   <div class='ocr_carea' id='block_1_95' title="bbox 2195 3829 3783 3917">
    <p class='ocr_par' dir='ltr' id='par_1_95' title="bbox 2195 3829 3783 3917">
     <span class='ocr_line' id='line_1_100' title="bbox 2195 3829 3783 3917; baseline 0.021 -33"><span class='ocrx_word' id='word_1_629' title='bbox 2195 3829 2494 3890; x_wconf 88' lang='lat' dir='ltr'>sollicitare</span> <span class='ocrx_word' id='word_1_630' title='bbox 2525 3837 2610 3893; x_wconf 89' lang='lat' dir='ltr'>vel</span> <span class='ocrx_word' id='word_1_631' title='bbox 2644 3840 2898 3912; x_wconf 87' lang='lat' dir='ltr'>recipere</span> <span class='ocrx_word' id='word_1_632' title='bbox 2944 3858 3296 3917; x_wconf 72' lang='lat' dir='ltr'>praesumant,</span> <span class='ocrx_word' id='word_1_633' title='bbox 3329 3853 3432 3909; x_wconf 90' lang='lat' dir='ltr'>nisi</span> <span class='ocrx_word' id='word_1_634' title='bbox 3487 3859 3783 3916; x_wconf 90' lang='lat' dir='ltr'>secundum</span> 
     </span>
    </p>
   </div>
   <div class='ocr_carea' id='block_1_96' title="bbox 2193 3935 3781 4016">
    <p class='ocr_par' dir='ltr' id='par_1_96' title="bbox 2193 3935 3781 4016">
     <span class='ocr_line' id='line_1_101' title="bbox 2193 3935 3781 4016; baseline 0.016 -28"><span class='ocrx_word' id='word_1_635' title='bbox 2193 3935 2337 4006; x_wconf 91' lang='lat' dir='ltr'>quod</span> <span class='ocrx_word' id='word_1_636' title='bbox 2371 3936 2563 3990; x_wconf 88' lang='lat' dir='ltr'>beatus</span> <span class='ocrx_word' id='word_1_637' title='bbox 2593 3938 2912 3996; x_wconf 88' lang='lat' dir='ltr'>Benedictus</span> <span class='ocrx_word' id='word_1_638' title='bbox 2943 3948 3241 4003; x_wconf 86' lang='lat' dir='ltr'>monachos</span> <span class='ocrx_word' id='word_1_639' title='bbox 3282 3951 3419 4008; x_wconf 85' lang='lat' dir='ltr'>Novi</span> <span class='ocrx_word' id='word_1_640' title='bbox 3465 3960 3781 4016; x_wconf 89' lang='lat' dir='ltr'>monasterii</span> 
     </span>
    </p>
   </div>
   <div class='ocr_carea' id='block_1_97' title="bbox 2189 4025 3780 4113">
    <p class='ocr_par' dir='ltr' id='par_1_97' title="bbox 2189 4025 3780 4113">
     <span class='ocr_line' id='line_1_102' title="bbox 2189 4025 3780 4113; baseline 0.019 -38"><span class='ocrx_word' id='word_1_641' title='bbox 2189 4025 2435 4095; x_wconf 69' lang='lat' dir='ltr'>praecipit</span> <span class='ocrx_word' id='word_1_642' title='bbox 2461 4025 2827 4096; x_wconf 88' lang='lat' dir='ltr'>recipiendos.</span> <span class='ocrx_word' id='word_1_643' title='bbox 2865 4030 3155 4104; x_wconf 86' lang='lat' dir='ltr'>Postquam</span> <span class='ocrx_word' id='word_1_644' title='bbox 3203 4038 3318 4096; x_wconf 68' lang='lat' dir='ltr'>haec</span> <span class='ocrx_word' id='word_1_645' title='bbox 3350 4045 3663 4113; x_wconf 87' lang='lat' dir='ltr'>supradicta</span> <span class='ocrx_word' id='word_1_646' title='bbox 3696 4049 3780 4105; x_wconf 85' lang='lat' dir='ltr'>fe-</span> 
     </span>
    </p>
   </div>
   <div class='ocr_carea' id='block_1_98' title="bbox 2189 4123 3777 4206">
    <p class='ocr_par' dir='ltr' id='par_1_98' title="bbox 2189 4123 3777 4206">
     <span class='ocr_line' id='line_1_103' title="bbox 2189 4123 3777 4206; baseline 0.016 -29"><span class='ocrx_word' id='word_1_647' title='bbox 2189 4123 2326 4177; x_wconf 89' lang='lat' dir='ltr'>cerit</span> <span class='ocrx_word' id='word_1_648' title='bbox 2354 4123 2681 4180; x_wconf 88' lang='lat' dir='ltr'>remittimus</span> <span class='ocrx_word' id='word_1_649' title='bbox 2707 4141 2831 4180; x_wconf 90' lang='lat' dir='ltr'>eum</span> <span class='ocrx_word' id='word_1_650' title='bbox 2853 4127 3129 4187; x_wconf 88' lang='lat' dir='ltr'>dilectioni</span> <span class='ocrx_word' id='word_1_651' title='bbox 3146 4141 3777 4206; x_wconf 69' lang='lat' dir='ltr'>vestrm,utMolismensi</span> 
     </span>
    </p>
   </div>
   <div class='ocr_carea' id='block_1_99' title="bbox 2189 4211 3775 4293">
    <p class='ocr_par' dir='ltr' id='par_1_99' title="bbox 2189 4211 3775 4293">
     <span class='ocr_line' id='line_1_104' title="bbox 2189 4211 3775 4293; baseline 0.017 -29"><span class='ocrx_word' id='word_1_652' title='bbox 2189 4211 2453 4266; x_wconf 62' lang='lat' dir='ltr'>Ecclesiae</span> <span class='ocrx_word' id='word_1_653' title='bbox 2484 4212 2631 4267; x_wconf 91' lang='lat' dir='ltr'>illum</span> <span class='ocrx_word' id='word_1_654' title='bbox 2663 4213 2718 4268; x_wconf 90' lang='lat' dir='ltr'>in</span> <span class='ocrx_word' id='word_1_655' title='bbox 2748 4215 3006 4273; x_wconf 89' lang='lat' dir='ltr'>abbatem</span> <span class='ocrx_word' id='word_1_656' title='bbox 3040 4223 3349 4293; x_wconf 87' lang='lat' dir='ltr'>restituatis,</span> <span class='ocrx_word' id='word_1_657' title='bbox 3381 4228 3452 4284; x_wconf 81' lang='lat' dir='ltr'>ita</span> <span class='ocrx_word' id='word_1_658' title='bbox 3500 4239 3682 4289; x_wconf 87' lang='lat' dir='ltr'>tamen</span> <span class='ocrx_word' id='word_1_659' title='bbox 3719 4245 3775 4290; x_wconf 88' lang='lat' dir='ltr'>ut</span> 
     </span>
    </p>
   </div>
   <div class='ocr_carea' id='block_1_100' title="bbox 2187 4299 3773 4381">
    <p class='ocr_par' dir='ltr' id='par_1_100' title="bbox 2187 4299 3773 4381">
     <span class='ocr_line' id='line_1_105' title="bbox 2187 4299 3773 4381; baseline 0.018 -28"><span class='ocrx_word' id='word_1_660' title='bbox 2187 4299 2233 4354; x_wconf 87' lang='lat' dir='ltr'>si</span> <span class='ocrx_word' id='word_1_661' title='bbox 2263 4300 2523 4372; x_wconf 88' lang='lat' dir='ltr'>deinceps</span> <span class='ocrx_word' id='word_1_662' title='bbox 2553 4303 2804 4359; x_wconf 89' lang='lat' dir='ltr'>eamdem</span> <span class='ocrx_word' id='word_1_663' title='bbox 2833 4305 3136 4366; x_wconf 82' lang='lat' dir='ltr'>Ecclesiam</span> <span class='ocrx_word' id='word_1_664' title='bbox 3168 4314 3326 4371; x_wconf 88' lang='lat' dir='ltr'>solita</span> <span class='ocrx_word' id='word_1_665' title='bbox 3354 4315 3578 4376; x_wconf 84' lang='lat' dir='ltr'>levitate</span> <span class='ocrx_word' id='word_1_666' title='bbox 3607 4321 3773 4381; x_wconf 81' lang='lat' dir='ltr'>dese-</span> 
     </span>
    </p>
   </div>
   <div class='ocr_carea' id='block_1_101' title="bbox 2184 4397 3772 4477">
    <p class='ocr_par' dir='ltr' id='par_1_101' title="bbox 2184 4397 3772 4477">
     <span class='ocr_line' id='line_1_106' title="bbox 2184 4397 3772 4477; baseline 0.017 -26"><span class='ocrx_word' id='word_1_667' title='bbox 2184 4397 2376 4465; x_wconf 89' lang='lat' dir='ltr'>ruerit,</span> <span class='ocrx_word' id='word_1_668' title='bbox 2407 4398 2588 4454; x_wconf 88' lang='lat' dir='ltr'>nullus</span> <span class='ocrx_word' id='word_1_669' title='bbox 2619 4401 2669 4456; x_wconf 92' lang='lat' dir='ltr'>ei</span> <span class='ocrx_word' id='word_1_670' title='bbox 2709 4402 3068 4461; x_wconf 89' lang='lat' dir='ltr'>substituatur</span> <span class='ocrx_word' id='word_1_671' title='bbox 3096 4409 3313 4468; x_wconf 89' lang='lat' dir='ltr'>vivente</span> <span class='ocrx_word' id='word_1_672' title='bbox 3365 4413 3627 4475; x_wconf 87' lang='lat' dir='ltr'>Gaufrido</span> <span class='ocrx_word' id='word_1_673' title='bbox 3683 4423 3772 4477; x_wconf 87' lang='lat' dir='ltr'>ab-</span> 
     </span>
    </p>
   </div>
   <div class='ocr_carea' id='block_1_102' title="bbox 2181 4493 3767 4585">
    <p class='ocr_par' dir='ltr' id='par_1_102' title="bbox 2181 4493 3767 4585">
     <span class='ocr_line' id='line_1_107' title="bbox 2181 4493 3767 4585; baseline 0.017 -37"><span class='ocrx_word' id='word_1_674' title='bbox 2181 4493 2324 4564; x_wconf 90' lang='lat' dir='ltr'>bate,</span> <span class='ocrx_word' id='word_1_675' title='bbox 2348 4495 2560 4568; x_wconf 86' lang='lat' dir='ltr'>absque</span> <span class='ocrx_word' id='word_1_676' title='bbox 2591 4506 2775 4554; x_wconf 85' lang='lat' dir='ltr'>vestro</span> <span class='ocrx_word' id='word_1_677' title='bbox 2818 4509 2868 4556; x_wconf 92' lang='lat' dir='ltr'>et</span> <span class='ocrx_word' id='word_1_678' title='bbox 2897 4513 3104 4572; x_wconf 88' lang='lat' dir='ltr'>nostro,</span> <span class='ocrx_word' id='word_1_679' title='bbox 3138 4509 3488 4585; x_wconf 87' lang='lat' dir='ltr'>ejusdemque</span> <span class='ocrx_word' id='word_1_680' title='bbox 3517 4515 3767 4574; x_wconf 85' lang='lat' dir='ltr'>Gaufridi</span> 
     </span>
    </p>
   </div>
   <div class='ocr_carea' id='block_1_103' title="bbox 2091 4583 3766 4676">
    <p class='ocr_par' dir='ltr' id='par_1_103' title="bbox 2091 4583 3766 4676">
     <span class='ocr_line' id='line_1_108' title="bbox 2091 4583 3766 4676; baseline 0.018 -41"><span class='ocrx_word' id='word_1_681' title='bbox 2091 4615 2144 4676; x_wconf 84' lang='lat' dir='ltr'><strong>D</strong></span> <span class='ocrx_word' id='word_1_682' title='bbox 2175 4599 2422 4640; x_wconf 88' lang='lat' dir='ltr'>assensu.</span> <span class='ocrx_word' id='word_1_683' title='bbox 2455 4583 2590 4654; x_wconf 85' lang='lat' dir='ltr'>Quae</span> <span class='ocrx_word' id='word_1_684' title='bbox 2617 4588 2796 4642; x_wconf 88' lang='lat' dir='ltr'>omnia</span> <span class='ocrx_word' id='word_1_685' title='bbox 2825 4593 3125 4661; x_wconf 87' lang='lat' dir='ltr'>apostolica</span> <span class='ocrx_word' id='word_1_686' title='bbox 3163 4583 3482 4658; x_wconf 72' lang='lat' dir='ltr'>auctoritate</span> <span class='ocrx_word' id='word_1_687' title='bbox 3510 4613 3618 4660; x_wconf 84' lang='lat' dir='ltr'>rata</span> <span class='ocrx_word' id='word_1_688' title='bbox 3643 4623 3766 4665; x_wconf 77' lang='lat' dir='ltr'>esse</span> 
     </span>
    </p>
   </div>
   <div class='ocr_carea' id='block_1_104' title="bbox 2171 4687 3763 4768">
    <p class='ocr_par' dir='ltr' id='par_1_104' title="bbox 2171 4687 3763 4768">
     <span class='ocr_line' id='line_1_109' title="bbox 2171 4687 3763 4768; baseline 0.019 -30"><span class='ocrx_word' id='word_1_689' title='bbox 2171 4687 2543 4757; x_wconf 80' lang='lat' dir='ltr'>praecipimus.</span> <span class='ocrx_word' id='word_1_690' title='bbox 2579 4689 2660 4744; x_wconf 92' lang='lat' dir='ltr'>De</span> <span class='ocrx_word' id='word_1_691' title='bbox 2701 4692 2908 4762; x_wconf 87' lang='lat' dir='ltr'>capella</span> <span class='ocrx_word' id='word_1_692' title='bbox 2949 4703 3124 4751; x_wconf 87' lang='lat' dir='ltr'>autem</span> <span class='ocrx_word' id='word_1_693' title='bbox 3157 4701 3398 4768; x_wconf 73' lang='lat' dir='ltr'>praedicti</span> <span class='ocrx_word' id='word_1_694' title='bbox 3425 4703 3636 4762; x_wconf 87' lang='lat' dir='ltr'>abbatis</span> <span class='ocrx_word' id='word_1_695' title='bbox 3665 4710 3763 4768; x_wconf 78' lang='lat' dir='ltr'>Ro-</span> 
     </span>
    </p>
   </div>
   <div class='ocr_carea' id='block_1_105' title="bbox 2171 4775 3761 4855">
    <p class='ocr_par' dir='ltr' id='par_1_105' title="bbox 2171 4775 3761 4855">
     <span class='ocr_line' id='line_1_110' title="bbox 2171 4775 3761 4855; baseline 0.017 -27"><span class='ocrx_word' id='word_1_696' title='bbox 2171 4775 2308 4829; x_wconf 89' lang='lat' dir='ltr'>berti</span> <span class='ocrx_word' id='word_1_697' title='bbox 2339 4785 2389 4832; x_wconf 91' lang='lat' dir='ltr'>et</span> <span class='ocrx_word' id='word_1_698' title='bbox 2417 4777 2484 4832; x_wconf 85' lang='lat' dir='ltr'>de</span> <span class='ocrx_word' id='word_1_699' title='bbox 2514 4779 2728 4833; x_wconf 70' lang='lat' dir='ltr'>caeteris</span> <span class='ocrx_word' id='word_1_700' title='bbox 2750 4781 2912 4837; x_wconf 90' lang='lat' dir='ltr'>rebus</span> <span class='ocrx_word' id='word_1_701' title='bbox 2933 4799 3072 4855; x_wconf 87' lang='lat' dir='ltr'>quas</span> <span class='ocrx_word' id='word_1_702' title='bbox 3093 4801 3125 4840; x_wconf 88' lang='lat' dir='ltr'>a</span> <span class='ocrx_word' id='word_1_703' title='bbox 3154 4788 3483 4848; x_wconf 85' lang='lat' dir='ltr'>Molismensi</span> <span class='ocrx_word' id='word_1_704' title='bbox 3510 4795 3761 4855; x_wconf 78' lang='lat' dir='ltr'>Ecclesia</span> 
     </span>
    </p>
   </div>
   <div class='ocr_carea' id='block_1_106' title="bbox 2166 4865 3757 4958">
    <p class='ocr_par' dir='ltr' id='par_1_106' title="bbox 2166 4865 3757 4958">
     <span class='ocr_line' id='line_1_111' title="bbox 2166 4865 3757 4958; baseline 0.016 -42"><span class='ocrx_word' id='word_1_705' title='bbox 2166 4865 2430 4919; x_wconf 88' lang='lat' dir='ltr'>recedens</span> <span class='ocrx_word' id='word_1_706' title='bbox 2452 4882 2632 4921; x_wconf 84' lang='lat' dir='ltr'>secum</span> <span class='ocrx_word' id='word_1_707' title='bbox 2679 4877 2731 4922; x_wconf 89' lang='lat' dir='ltr'>et</span> <span class='ocrx_word' id='word_1_708' title='bbox 2775 4885 2904 4924; x_wconf 92' lang='lat' dir='ltr'>cum</span> <span class='ocrx_word' id='word_1_709' title='bbox 2963 4871 3043 4928; x_wconf 87' lang='lat' dir='ltr'>eis</span> <span class='ocrx_word' id='word_1_710' title='bbox 3097 4875 3442 4935; x_wconf 87' lang='lat' dir='ltr'>Cabilonensi</span> <span class='ocrx_word' id='word_1_711' title='bbox 3495 4883 3757 4958; x_wconf 87' lang='lat' dir='ltr'>episcopo</span> 
     </span>
    </p>
   </div>
   <div class='ocr_carea' id='block_1_107' title="bbox 2163 4954 3755 5033">
    <p class='ocr_par' dir='ltr' id='par_1_107' title="bbox 2163 4954 3755 5033">
     <span class='ocr_line' id='line_1_112' title="bbox 2163 4954 3755 5033; baseline 0.017 -28"><span class='ocrx_word' id='word_1_712' title='bbox 2163 4960 2328 5023; x_wconf 85' lang='lat' dir='ltr'>atque</span> <span class='ocrx_word' id='word_1_713' title='bbox 2357 4954 2512 5008; x_wconf 89' lang='lat' dir='ltr'>Novo</span> <span class='ocrx_word' id='word_1_714' title='bbox 2544 4958 2878 5012; x_wconf 86' lang='lat' dir='ltr'>monasterio</span> <span class='ocrx_word' id='word_1_715' title='bbox 2907 4975 2971 5015; x_wconf 90' lang='lat' dir='ltr'>se</span> <span class='ocrx_word' id='word_1_716' title='bbox 3019 4963 3274 5033; x_wconf 89' lang='lat' dir='ltr'>reddidit,</span> <span class='ocrx_word' id='word_1_717' title='bbox 3304 4967 3358 5022; x_wconf 89' lang='lat' dir='ltr'>id</span> <span class='ocrx_word' id='word_1_718' title='bbox 3397 4954 3755 5032; x_wconf 46' lang='lat' dir='ltr'>statuimus-ut</span> 
     </span>
    </p>
   </div>
   <div class='ocr_carea' id='block_1_108' title="bbox 2161 5041 3748 5133">
    <p class='ocr_par' dir='ltr' id='par_1_108' title="bbox 2161 5041 3748 5133">
     <span class='ocr_line' id='line_1_113' title="bbox 2161 5041 3748 5133; baseline 0.016 -39"><span class='ocrx_word' id='word_1_719' title='bbox 2161 5042 2345 5095; x_wconf 88' lang='lat' dir='ltr'>omnia</span> <span class='ocrx_word' id='word_1_720' title='bbox 2373 5041 2599 5098; x_wconf 85' lang='lat' dir='ltr'>fatribus</span> <span class='ocrx_word' id='word_1_721' title='bbox 2626 5044 2765 5100; x_wconf 92' lang='lat' dir='ltr'>Novi</span> <span class='ocrx_word' id='word_1_722' title='bbox 2801 5052 3122 5106; x_wconf 85' lang='lat' dir='ltr'>monasterii</span> <span class='ocrx_word' id='word_1_723' title='bbox 3176 5054 3323 5110; x_wconf 85' lang='lat' dir='ltr'>salva</span> <span class='ocrx_word' id='word_1_724' title='bbox 3378 5074 3748 5133; x_wconf 83' lang='lat' dir='ltr'>permaneant,</span> 
     </span>
    </p>
   </div>
   <div class='ocr_carea' id='block_1_109' title="bbox 2157 5133 3749 5217">
    <p class='ocr_par' dir='ltr' id='par_1_109' title="bbox 2157 5133 3749 5217">
     <span class='ocr_line' id='line_1_114' title="bbox 2157 5133 3749 5217; baseline 0.018 -36"><span class='ocrx_word' id='word_1_725' title='bbox 2157 5139 2359 5200; x_wconf 64' lang='lat' dir='ltr'>preeter</span> <span class='ocrx_word' id='word_1_726' title='bbox 2387 5133 2716 5188; x_wconf 87' lang='lat' dir='ltr'>Breviarium</span> <span class='ocrx_word' id='word_1_727' title='bbox 2749 5137 3016 5206; x_wconf 87' lang='lat' dir='ltr'>quoddam</span> <span class='ocrx_word' id='word_1_728' title='bbox 3050 5142 3194 5212; x_wconf 91' lang='lat' dir='ltr'>quod</span> <span class='ocrx_word' id='word_1_729' title='bbox 3225 5161 3395 5217; x_wconf 89' lang='lat' dir='ltr'>usque</span> <span class='ocrx_word' id='word_1_730' title='bbox 3438 5149 3508 5203; x_wconf 85' lang='lat' dir='ltr'>ad</span> <span class='ocrx_word' id='word_1_731' title='bbox 3537 5149 3749 5209; x_wconf 80' lang='lat' dir='ltr'>festivi-</span> 
     </span>
    </p>
   </div>
   <div class='ocr_carea' id='block_1_110' title="bbox 2153 5234 3744 5311">
    <p class='ocr_par' dir='ltr' id='par_1_110' title="bbox 2153 5234 3744 5311">
     <span class='ocr_line' id='line_1_115' title="bbox 2153 5234 3744 5311; baseline 0.017 -27"><span class='ocrx_word' id='word_1_732' title='bbox 2153 5239 2317 5286; x_wconf 89' lang='lat' dir='ltr'>tatem</span> <span class='ocrx_word' id='word_1_733' title='bbox 2349 5235 2522 5290; x_wconf 89' lang='lat' dir='ltr'>sancti</span> <span class='ocrx_word' id='word_1_734' title='bbox 2552 5234 2787 5291; x_wconf 89' lang='lat' dir='ltr'>Joannis</span> <span class='ocrx_word' id='word_1_735' title='bbox 2817 5239 3075 5310; x_wconf 72' lang='lat' dir='ltr'>Baptistae</span> <span class='ocrx_word' id='word_1_736' title='bbox 3103 5245 3368 5303; x_wconf 88' lang='lat' dir='ltr'>retineant</span> <span class='ocrx_word' id='word_1_737' title='bbox 3395 5257 3452 5304; x_wconf 90' lang='lat' dir='ltr'>ut</span> <span class='ocrx_word' id='word_1_738' title='bbox 3481 5255 3744 5311; x_wconf 80' lang='lat' dir='ltr'>transcri-</span> 
     </span>
    </p>
   </div>
   <div class='ocr_carea' id='block_1_111' title="bbox 2151 5333 3743 5413">
    <p class='ocr_par' dir='ltr' id='par_1_111' title="bbox 2151 5333 3743 5413">
     <span class='ocr_line' id='line_1_116' title="bbox 2151 5333 3743 5413; baseline 0.016 -26"><span class='ocrx_word' id='word_1_739' title='bbox 2151 5333 2279 5390; x_wconf 86' lang='lat' dir='ltr'>bant</span> <span class='ocrx_word' id='word_1_740' title='bbox 2306 5351 2534 5391; x_wconf 89' lang='lat' dir='ltr'>assensu</span> <span class='ocrx_word' id='word_1_741' title='bbox 2569 5339 3021 5398; x_wconf 84' lang='lat' dir='ltr'>Molismensium.</span> <span class='ocrx_word' id='word_1_742' title='bbox 3059 5344 3195 5404; x_wconf 83' lang='lat' dir='ltr'>Huic</span> <span class='ocrx_word' id='word_1_743' title='bbox 3241 5358 3417 5406; x_wconf 90' lang='lat' dir='ltr'>autem</span> <span class='ocrx_word' id='word_1_744' title='bbox 3445 5351 3743 5413; x_wconf 85' lang='lat' dir='ltr'>deﬁnitioni</span> 
     </span>
    </p>
   </div>
   <div class='ocr_carea' id='block_1_112' title="bbox 2149 5421 3738 5504">
    <p class='ocr_par' dir='ltr' id='par_1_112' title="bbox 2149 5421 3738 5504">
     <span class='ocr_line' id='line_1_117' title="bbox 2149 5421 3738 5504; baseline 0.017 -29"><span class='ocrx_word' id='word_1_745' title='bbox 2149 5421 2511 5479; x_wconf 89' lang='lat' dir='ltr'>interfuerunt</span> <span class='ocrx_word' id='word_1_746' title='bbox 2535 5429 2780 5499; x_wconf 84' lang='lat' dir='ltr'>episcOpi</span> <span class='ocrx_word' id='word_1_747' title='bbox 2795 5429 3144 5503; x_wconf 84' lang='lat' dir='ltr'>Nortgaudus</span> <span class='ocrx_word' id='word_1_748' title='bbox 3157 5437 3450 5504; x_wconf 75' lang='lat' dir='ltr'>mduensis,</span> <span class='ocrx_word' id='word_1_749' title='bbox 3469 5439 3738 5503; x_wconf 85' lang='lat' dir='ltr'>Galterius</span> 
     </span>
    </p>
   </div>
   <div class='ocr_carea' id='block_1_113' title="bbox 2146 5520 3735 5598">
    <p class='ocr_par' dir='ltr' id='par_1_113' title="bbox 2146 5520 3735 5598">
     <span class='ocr_line' id='line_1_118' title="bbox 2146 5520 3735 5598; baseline 0.017 -25"><span class='ocrx_word' id='word_1_750' title='bbox 2146 5520 2550 5589; x_wconf 88' lang='lat' dir='ltr'>Cabilonensis,</span> <span class='ocrx_word' id='word_1_751' title='bbox 2583 5525 2856 5580; x_wconf 88' lang='lat' dir='ltr'>Beraudus</span> <span class='ocrx_word' id='word_1_752' title='bbox 2877 5528 3213 5598; x_wconf 85' lang='lat' dir='ltr'>Maticensis,</span> <span class='ocrx_word' id='word_1_753' title='bbox 3247 5535 3466 5593; x_wconf 87' lang='lat' dir='ltr'>Pontius</span> <span class='ocrx_word' id='word_1_754' title='bbox 3494 5539 3735 5598; x_wconf 88' lang='lat' dir='ltr'>Belicen-</span> 
     </span>
    </p>
   </div>
   <div class='ocr_carea' id='block_1_114' title="bbox 2143 5617 3732 5698">
    <p class='ocr_par' dir='ltr' id='par_1_114' title="bbox 2143 5617 3732 5698">
     <span class='ocr_line' id='line_1_119' title="bbox 2143 5617 3732 5698; baseline 0.017 -28"><span class='ocrx_word' id='word_1_755' title='bbox 2143 5617 2238 5684; x_wconf 87' lang='lat' dir='ltr'>sis,</span> <span class='ocrx_word' id='word_1_756' title='bbox 2275 5627 2327 5673; x_wconf 88' lang='lat' dir='ltr'>et</span> <span class='ocrx_word' id='word_1_757' title='bbox 2357 5621 2583 5677; x_wconf 90' lang='lat' dir='ltr'>abbates</span> <span class='ocrx_word' id='word_1_758' title='bbox 2614 5623 2802 5678; x_wconf 88' lang='lat' dir='ltr'>Petrus</span> <span class='ocrx_word' id='word_1_759' title='bbox 2833 5625 3268 5698; x_wconf 87' lang='lat' dir='ltr'>Trenorciensis,</span> <span class='ocrx_word' id='word_1_760' title='bbox 3299 5633 3523 5694; x_wconf 80' lang='lat' dir='ltr'>Jaceuto</span> <span class='ocrx_word' id='word_1_761' title='bbox 3552 5637 3732 5697; x_wconf 81' lang='lat' dir='ltr'>Divic-</span> 
     </span>
    </p>
   </div>
   <div class='ocr_carea' id='block_1_115' title="bbox 2138 5715 3721 5810">
    <p class='ocr_par' dir='ltr' id='par_1_115' title="bbox 2138 5715 3721 5810">
     <span class='ocr_line' id='line_1_120' title="bbox 2138 5715 3721 5810; baseline 0.019 -43"><span class='ocrx_word' id='word_1_762' title='bbox 2138 5715 2346 5783; x_wconf 88' lang='lat' dir='ltr'>nensis,</span> <span class='ocrx_word' id='word_1_763' title='bbox 2403 5716 2799 5776; x_wconf 87' lang='lat' dir='ltr'>Gaucerannus</span> <span class='ocrx_word' id='word_1_764' title='bbox 2829 5725 3248 5786; x_wconf 88' lang='lat' dir='ltr'>Athanacensis.</span> <span class='ocrx_word' id='word_1_765' title='bbox 3277 5729 3464 5788; x_wconf 84' lang='lat' dir='ltr'>Petrus</span> <span class='ocrx_word' id='word_1_766' title='bbox 3491 5752 3721 5810; x_wconf 89' lang='lat' dir='ltr'>quoque,</span> 
     </span>
    </p>
   </div>
   <div class='ocr_carea' id='block_1_116' title="bbox 2135 5809 3724 5899">
    <p class='ocr_par' dir='ltr' id='par_1_116' title="bbox 2135 5809 3724 5899">
     <span class='ocr_line' id='line_1_121' title="bbox 2135 5809 3724 5899; baseline 0.019 -36"><span class='ocrx_word' id='word_1_767' title='bbox 2135 5809 2338 5866; x_wconf 88' lang='lat' dir='ltr'>domini</span> <span class='ocrx_word' id='word_1_768' title='bbox 2371 5829 2529 5886; x_wconf 71' lang='lat' dir='ltr'>papae</span> <span class='ocrx_word' id='word_1_769' title='bbox 2558 5819 2905 5890; x_wconf 87' lang='lat' dir='ltr'>camerarius,</span> <span class='ocrx_word' id='word_1_770' title='bbox 2941 5822 3208 5899; x_wconf 87' lang='lat' dir='ltr'>multique</span> <span class='ocrx_word' id='word_1_771' title='bbox 3237 5827 3328 5884; x_wconf 89' lang='lat' dir='ltr'>alii</span> <span class='ocrx_word' id='word_1_772' title='bbox 3357 5830 3460 5888; x_wconf 84' lang='lat' dir='ltr'>viri</span> <span class='ocrx_word' id='word_1_773' title='bbox 3515 5835 3724 5895; x_wconf 81' lang='lat' dir='ltr'>honesti</span> 
     </span>
    </p>
   </div>
   <div class='ocr_carea' id='block_1_117' title="bbox 2131 5913 2698 5978">
    <p class='ocr_par' dir='ltr' id='par_1_117' title="bbox 2131 5913 2698 5978">
     <span class='ocr_line' id='line_1_122' title="bbox 2131 5913 2698 5978; baseline 0.014 -10"><span class='ocrx_word' id='word_1_774' title='bbox 2131 5920 2186 5968; x_wconf 88' lang='lat' dir='ltr'>et</span> <span class='ocrx_word' id='word_1_775' title='bbox 2212 5913 2342 5972; x_wconf 84' lang='lat' dir='ltr'>boni</span> <span class='ocrx_word' id='word_1_776' title='bbox 2375 5917 2664 5978; x_wconf 80' lang='lat' dir='ltr'>testimonii</span> <span class='ocrx_word' id='word_1_777' title='bbox 2684 5961 2698 5976; x_wconf 92' lang='lat'>.</span> 
     </span>
    </p>
   </div>
  </div>
