3882 6466
60 646 107 683 ρξ’

78 736 105 753 Α

56 754 105 771 “1

80 826 105 841 -,

66 848 105 861 --ι

57 902 95 951 ‘l

0 1356 65 1369 “ηιι

30 1360 65 1369 ης.

0 1360 93 1397 usi

38 1830 81 1849 ,ρ

38 1854 77 1863 .-

60 1922 69 1929 .

25 1949 37 1959 ,
58 1944 65 1953 .

28 2012 75 2045 αἱ

36 2100 67 2123 ’1

22 2130 33 2136 ι.
46 2124 71 2137 -4

19 2196 65 2226 »Α

29 2282 69 2317 ἀὲ

19 2374 49 2387 “ﬂ

28 2394 65 2407 ...Δ

19 2464 67 2497 »τις

33 2550 61 2573 "‘4

36 2574 67 2585 δή

32 2642 65 2665 ,ς’

12 2775 25 2779 η
40 2742 65 2777 ἕ

16 2930 57 2955 λιιι

22 2956 55 2967 ..ιι

227 429 336 487 5ὶὸ

925 553 1108 608 XXIV
1119 593 1132 608 .

237 660 487 732 Epistula
511 660 756 729 llugonis
796 660 1184 729 Lugdunensis
1234 659 1306 732 ad
1347 660 1678 732 Paschalem
1720 674 1824 732 pa-

307 746 460 802 pam.
485 761 554 770 —
584 732 823 785 Nuntios
862 732 1137 799 Alberici,
1170 731 1389 786 abbatis
1438 729 1827 789 Cisterciensis

304 802 478 873 primi
497 802 871 858 commendat.

718 910 891 975 (Intra
919 923 1015 963 an.
1060 908 1362 979 1097-98.)

700 996 921 1069 [Lanam
953 998 1086 1053 ibid.
1122 1013 1175 1068 p.
1211 996 1372 1069 665.]

312 1103 774 1159 Reverentissimo
828 1104 975 1158 Patri
1031 1110 1088 1159 et
1142 1103 1365 1159 domino
1404 1118 1504 1157 suo
1562 1103 1833 1156 PASCIIALI

241 1208 413 1262 papae,
440 1193 614 1257 Huco,
649 1191 1032 1265 Lugdunensis
1059 1191 1321 1247 Ecclesiae
1351 1206 1570 1256 servus,
1607 1204 1833 1261 perem-

243 1278 330 1335 nia
351 1281 616 1350 seipsum.

317 1370 539 1423 Fratres
568 1368 655 1423 isti
683 1369 1032 1438 pmsentium
1061 1367 1245 1439 geruli
1282 1367 1350 1422 ad
1370 1365 1707 1438 paternitatis
1734 1380 1834 1421 ve-

246 1464 374 1511 stra:
403 1456 778 1511 celsitudinem
800 1456 1084 1511 tendentes
1119 1472 1219 1525 per
1238 1471 1340 1511 nos
1376 1454 1653 1509 transitum
1683 1454 1836 1508 fece-

246 1552 399 1598 runt.
434 1545 505 1598 Et
535 1544 661 1615 quia
708 1543 850 1599 infra
904 1544 1239 1613 provinciam
1291 1551 1555 1609 nostram,
1589 1541 1841 1596 videlicet

247 1633 306 1686 in
338 1633 658 1703 episcopatu
689 1632 1055 1700 Cabilonensi,
1113 1632 1555 1702 permansionem
1614 1631 1837 1698 habent,

247 1721 568 1775 humilitatis
599 1729 800 1775 nostrae
822 1720 1013 1774 litteris
1040 1721 1185 1791 apud
1201 1719 1580 1775 celsitudinem
1604 1727 1841 1773 vestram

250 1825 310 1865 se
334 1808 707 1865 commendari
737 1809 1008 1879 petierunt
1041 1809 1260 1864 :sciatis
1316 1816 1499 1862 autem
1558 1816 1686 1862 tunc
1741 1823 1841 1861 eos

1400 428 1744 487 EPISTOLE
1793 429 1881 484 ET
1916 429 2312 485 PRIVILEGIA
2325 470 2339 484 .

1849 552 1904 612 A
1934 552 2154 608 domino
2186 554 2244 609 P.
2269 566 2371 623 pro
2401 553 2652 609 Artensis
2681 556 2942 613 Ecclesiae
2971 559 3388 616 commutatione
3417 576 3519 617 nos

3411 437 3516 493 526

1935 641 2163 696 daturos
2193 642 2348 696 vobis
2404 642 2693 698 ecclesiam
2724 646 2791 699 de
2821 647 3020 702 Sancto
3053 648 3347 717 Germano,
3399 666 3521 722 quae

1937 728 2039 782 sita
2069 738 2148 783 est
2178 730 2319 783 inter
2374 730 2663 786 ecclesiam
2695 733 2762 788 de
2791 734 3007 805 Capella
3038 744 3090 790 et
3137 737 3423 793 ecclesiam
3454 737 3524 792 de

1938 817 2180 873 Martico.
2207 817 2380 886 Quam
2412 821 2829 890 promissionem
2862 840 3005 880 nunc
3037 824 3384 895 perﬁcientes
3405 842 3523 883 con-

1939 906 2181 960 cedimus
2218 908 2374 962 vobis
2422 917 2472 962 et
2528 910 2779 965 ecclesias
2825 911 3099 968 Cluniensi
3159 916 3530 986 supradictam

1941 995 2229 1050 ecclesiam
2272 996 2455 1051 Sancti
2487 998 2740 1052 Germani
2775 1000 2897 1068 jure
2927 1011 3190 1072 perpetuo
3246 1004 3532 1074 possiden-

1941 1086 2085 1148 dam,
2118 1085 2414 1139 retinentes
2470 1085 2524 1139 in
2555 1102 2616 1141 ea
2647 1087 2938 1158 synodales
2986 1106 3184 1146 census
3226 1100 3276 1147 et
3308 1109 3533 1150 censum

1942 1170 2109 1225 alium
2151 1189 2313 1243 quem
2345 1174 2518 1229 beatae
2546 1191 2826 1231 memoria)
2855 1177 3088 1233 domnus
3144 1180 3413 1236 Gibuinus
3442 1199 3534 1238 ar-

1942 1259 2322 1331 chiepiscopus
2353 1261 2406 1315 in
2438 1262 2529 1316 illa
2584 1263 2864 1335 imposuit,
2896 1266 3261 1323 obedientiam
3318 1286 3537 1343 quoque

1943 1355 1996 1402 et
2024 1350 2388 1403 reverentiam
2427 1350 2790 1422 episcopalem
2821 1354 2958 1410 sicut
2983 1356 3038 1409 in
3068 1357 3542 1415 caeterisecclesiis

1947 1451 2080 1507 quas
2115 1436 2273 1492 beato
2307 1438 2462 1493 Petro
2518 1442 2909 1498 concessimus.
2975 1444 3204 1516 Signum
3235 1446 3406 1501 Girini
3445 1448 3540 1505 de-

1948 1524 2073 1580 cani
2105 1526 2161 1580 S.
2196 1527 2453 1581 Teotardi
2500 1530 2809 1585 camerarii.
2843 1531 2904 1587 S.
2936 1532 3106 1588 Girini
3137 1534 3427 1605 capellani.
3468 1538 3530 1593 S.

1947 1613 2281 1668 Gauscerani
2301 1616 2561 1671 cantoris.
2596 1618 2651 1671 S.
2686 1620 2914 1675 Arualdi
2940 1622 3213 1694 magistri.
3250 1623 3306 1680 S.
3351 1624 3536 1681 Godo-

1950 1701 2034 1755 nis
2063 1702 2317 1758 canonici
2348 1712 2402 1758 et
2426 1706 2910 1777 archipresbyteri.

2020 1792 2209 1846 Actum
2224 1793 2473 1863 Lugduni
2491 1809 2633 1850 anno
2655 1798 3053 1854 Incarnationis
3066 1799 3365 1858 Dominicae
3381 1806 3400 1856 1
3418 1806 3436 1857 t
3450 1806 3539 1872 06,

248 1899 318 1954 de
340 1899 577 1970 quodam
601 1897 723 1953 loco
744 1878 857 1966 Equi
887 1898 1099 1953 Novum
1157 1897 1555 1951 monasterium
1599 1904 1837 1961 vocatur,
1874 1903 1928 1963 Β
1959 1878 2251 1935 indicum“?
2282 1896 2405 1936 xm-

250 1987 320 2042 ad
350 2003 513 2059 quem
562 1987 631 2041 de
682 1986 1018 2041 Molismensi
1052 1986 1297 2041 Ecclesia
1352 2001 1477 2039 cum
1505 1985 1700 2039 abbate
1746 2000 1847 2038 suo

252 2083 516 2131 exeuntes
568 2082 793 2145 prepter
818 2074 1107 2129 arctiorem
1167 2083 1221 2129 et
1273 2072 1626 2128 secretiorem
1683 2072 1845 2126 vitam

251 2163 556 2220 secundum
581 2162 844 2233 Regulam
872 2162 1050 2217 sancti
1072 2162 1348 2217 Benedicti
1363 2176 1522 2234 quam
1544 2176 1847 2232 proposue-

251 2260 371 2307 rant
402 2251 692 2307 teuendam
723 2250 1075 2305 habitandum
1102 2258 1388 2315 venerunt,
1419 2250 1680 2319 depositis
1712 2264 1845 2320 quo-

256 2340 506 2396 rumdam
526 2339 976 2395 monasteriorum
1008 2338 1519 2403 consuetudinibus,
1552 2338 1844 2393 imbecilli-

248 2432 418 2480 tatem
448 2440 602 2479 suam
629 2423 699 2478 ad
735 2430 942 2477 tantum
998 2423 1212 2492 pondus
1245 2422 1621 2476 sustinendum
1679 2421 1847 2491 impa-

251 2528 373 2569 rem
396 2511 731 2581 judicantes.
764 2511 917 2566 Unde
949 2510 1314 2565 Molismensis
1342 2510 1609 2566 Ecclesiae
1627 2508 1843 2576 fratres,

251 2610 309 2657 et
339 2601 564 2673 quidam
582 2600 671 2654 alii
706 2600 1027 2670 adjacentes
1054 2599 1303 2655 monachi
1351 2616 1445 2654 eos
1503 2599 1763 2654 infestare
1794 2607 1847 2653 et

248 2690 556 2761 inquietare
586 2705 692 2744 non
728 2688 1003 2753 desinunt,
1063 2688 1395 2742 aestimantes
1452 2704 1511 2743 se
1542 2688 1763 2743 viliores
1795 2696 1847 2742 et

248 2778 626 2849 despectiores
656 2776 846 2831 haberi
876 2776 1018 2847 apud
1046 2776 1323 2835 saeculum.
1359 2775 1403 2830 si
1433 2775 1518 2829 isti
1538 2777 1694 2847 quasi
1725 2775 1847 2829 sin-

250 2866 473 2939 gulares
501 2874 554 2921 et
582 2865 708 2920 novi
747 2864 999 2919 monachi
1046 2865 1185 2918 inter
1218 2880 1312 2918 eos
1344 2864 1590 2919 habitare
1622 2865 1847 2919 videan-

249 2965 341 3011 tur
375 2971 388 3024 ;
424 2962 758 3027 quapropter
807 2953 1367 3009 desiderantissimam
1398 2953 1556 3007 nobis
1601 2953 1845 3023 paterni-

245 3048 418 3100 tatem
449 3050 689 3098 vestram
722 3042 998 3096 humiliter
1019 3049 1073 3096 et
1101 3057 1222 3096 cum
1253 3039 1449 3095 fiducia
1466 3042 1843 3111 deprecamur,

250 3142 311 3188 ut
360 3132 553 3188 fratres
584 3132 716 3185 istos
772 3138 935 3184 totam
987 3145 1143 3199 spem
1193 3145 1345 3183 suam
1376 3129 1430 3182 in
1487 3130 1662 3194 vobis,
1726 3139 1847 3198 post

248 3224 426 3278 Deum
458 3228 744 3292 ponentes,
783 3226 833 3273 et
863 3218 1069 3273 idcirco
1100 3218 1169 3272 ad
1188 3217 1527 3287 apostolatus
1554 3218 1716 3272 vestri
1741 3235 1840 3274 au-
1873 3258 1923 3320 Ο

248 3311 559 3369 ctoritatem
583 3307 982 3380 confugientes,
1048 3306 1288 3378 benigne
1319 3322 1418 3376 pro
1473 3324 1625 3362 more
1656 3317 1842 3362 vestro

250 3399 582 3470 respiciatis,
616 3405 669 3450 et
700 3413 795 3450 eos
824 3411 889 3451 ac
920 3395 1098 3450 locum
1133 3396 1368 3464 ipSOrum
1394 3396 1462 3449 ab
1494 3396 1594 3450 huc
1625 3396 1846 3452 infesta-

247 3490 396 3545 tione
426 3498 475 3541 et
498 3485 867 3557 inquietudine
925 3483 1225 3549 liberando,
1260 3485 1600 3538 auctoritatis
1651 3494 1845 3541 vestra:

247 3575 536 3651 privilegio
568 3574 839 3638 muniatis,
872 3580 1058 3641 utpote
1112 3588 1381 3642 pauperes
1414 3572 1611 3626 Christi
1641 3574 1842 3627 ηυτιηηι

248 3676 434 3724 contra
465 3681 599 3719 suos
631 3662 858 3717 aemulos
889 3661 1089 3715 divitiis
1148 3660 1231 3714 vel
1262 3662 1502 3731 potentia
1561 3663 1843 3717 defensio-

249 3771 377 3811 nem
407 3760 685 3824 parantes,
712 3752 808 3805 sed
828 3749 879 3803 in
899 3749 1019 3804 Sul‘d.
1050 3748 1150 3804 Dei
1180 3750 1351 3804 nostri
1381 3751 1669 3805 clementia
1689 3768 1843 3821 spem

247 3844 532 3899 habentes.

829 3945 1163 4000 XXV—XX
1173 3945 1237 3999 VI
1248 3984 1260 3997 .

250 4046 507 4120 Hugonis
544 4044 617 4101 ad
650 4045 705 4101 S.
754 4042 1098 4098 Anselmum
1140 4042 1613 4099 Cantuariensem
1650 4044 1842 4100 archi-

871 4133 1215 4204 episcopum.

252 4251 412 4323 (Vide
441 4249 587 4325 inter
613 4246 872 4325 epistolas
906 4247 1001 4325 _S._
1044 4245 1306 4325 Anselmi,
1339 4262 1503 4325 app;
1632 4256 1685 4303 et
1716 4249 1837 4315 124,

534 4320 655 4374 libri
685 4335 765 4387 ιιι,
808 4319 1142 4388 Patrologiw
1163 4325 1309 4372 tom.
1346 4320 1555 4388 CLIX.)

924 4486 1129 4540 XXVII
1143 4525 1157 4539 .

250 4580 490 4639 Donatio
510 4576 767 4648 Hugonis
797 4574 1205 4648 archiepiscopi
1238 4574 1634 4648 Lugdunensis
1661 4575 1727 4631 de
1755 4591 1842 4631 ec-

680 4647 854 4702 clesia
895 4644 1092 4700 Sancti
1132 4644 1414 4699 Germani.

851 4733 1031 4802 (Anno
1062 4733 1253 4803 1106.)

645 4822 897 4896 [ΒΑιυΖ.,
930 4821 1168 4877 Miscell.
1209 4820 1302 4883 III,
1331 4821 1457 4892 62.]

328 4929 794 4989 Reverentissimo
825 4928 968 4983 Patri
999 4927 1222 4982 domino
1237 4929 1453 4982 llueom
1474 4928 1851 4983 Cluniensium

261 5022 447 5081 abbati
478 5029 531 5076 et
547 5020 644 5075 toti
672 5016 1085 5091 congregationi
1107 5016 1385 5071 Cluniensi
1407 5017 1483 5071 illi
1522 5018 1851 5085 commissa',

262 5114 422 5168 Hueo
439 5108 815 5184 Lugdunensis
848 5105 1106 5161 Ecclesiae
1136 5121 1347 5171 servus,
1374 5107 1625 5162 salutem.

336 5201 549 5258 Scimus
577 5214 677 5253 nos
709 5204 909 5268 rogatu
939 5194 1124 5249 domui
1156 5195 1212 5248 P.
1250 5195 1455 5250 domini
1486 5213 1638 5268 papa:
1668 5211 1857 5252 came-

266 5287 703 5348 rariieeclesiam
738 5290 1020 5339 Artensem
1057 5283 1214 5337 vobis
1247 5292 1300 5338 et
1330 5284 1604 5340 Ecclesia)
1663 5296 1858 5342 vestra:

265 5380 396 5436 olim
425 5378 667 5433 dedisse.
700 5375 820 5443 Qua
840 5373 909 5427 de
937 5387 1097 5426 causa
1130 5370 1224 5425 ﬁlii
1246 5375 1415 5426 nostri
1447 5374 1697 5430 canonici
1718 5376 1862 5447 Lug-

266 5467 530 5524 dunensis
562 5463 822 5521 Ecclesiae
880 5460 1081 5515 turbati
1112 5470 1394 5530 coeperunt
1424 5464 1688 5518 instanter
1735 5480 1862 5535 pre-

268 5557 379 5613 cari
426 5553 774 5611 clementiam
828 5557 1071 5606 nostram
1119 5565 1187 5603 ne
1233 5550 1511 5619 praefatam
1564 5553 1863 5607 ecclesiam

269 5649 559 5702 Artensem
613 5653 926 5713 pateremur
971 5638 1149 5709 aliqua
1183 5640 1474 5695 occasione
1533 5640 1759 5695 alienari
1807 5650 1861 5696 et

272 5732 520 5806 separari
538 5732 608 5786 ab
649 5729 884 5786 ecclesia
914 5726 1099 5783 Sancti
1148 5728 1407 5798 Stephani
1459 5729 1861 5799 Lugdunensis,

266 5819 405 5891 juris
425 5818 584 5887 cujus
612 5814 683 5869 ab
728 5811 963 5884 antiquis
1012 5813 1345 5882 temporibus
1373 5812 1565 5868 fuerat.
1617 5812 1863 5882 Quorum

274 5907 608 5968 clamoribus
636 5918 700 5962 ac
741 5901 997 5975 precibus
1026 5900 1150 5956 ﬂexi
1169 5901 1524 5974 promisimus
1572 5902 1688 5973 jam
1719 5903 1865 5960 dicto

1872 4617 1924 4676 D

2615 2062 2872 2119 XXVIII.

1954 2163 2113 2250 Hupo
2146 2165 2534 2250 Lugdunensis
2570 2170 3021 2250 archiepiscopus
3057 2188 3244 2250 coram
3277 2175 3547 2250 episcopis

2074 2252 2135 2314 φά
2145 2240 2417 2314 tianopoli
2427 2243 2579 2314 tano,
2600 2240 2792 2314 Diensi
2806 2246 2861 2296 et
2886 2240 3244 2314 L‘ingonensi,
3265 2240 3548 2314 componit

2023 2307 2360 2386 discordiam
2379 2309 2533 2386 inter
2555 2311 2852 2386 monachos
2869 2307 3071 2369 Sancti
3092 2307 3326 2386 Benigni
3361 2307 3547 2374 Divio-

2024 2379 2224 2503 nensiz
2265 2382 2322 2432 et
2349 2380 2581 2435 clericos
2622 2382 2951 2439 Bisuntinos
2975 2401 3077 2456 pro
3106 2379 3358 2443 ecclésiis
3402 2391 3547 2448 Sali-

2024 2464 2191 2503 nensz
2228 2464 2315 2503 us.

2024 2464 2315 2503 nenszous.

2551 2540 2734 2607 (Anno
2770 2541 2952 2613 1106.)

2149 2634 2419 2705 [Pansam
2451 2637 2795 2708 Burgundire
2828 2641 3063 2710 chartae,
3097 2661 3157 2715 p.
3200 2647 3350 2720 209.]

2023 2775 2181 2829 llueo
2208 2776 2589 2848 Lugdunensis
2613 2781 3076 2856 archiepiSCOpus,
3099 2797 3296 2844 sancta:
3318 2799 3545 2863 aposto-

1954 2861 2073 2918 lica;
2103 2866 2251 2918 sedis
2282 2865 2519 2937 legatus.

2023 2951 2295 3007 Omnibus
2327 2951 2578 3010 fidelibus
2607 2966 2788 3013 notum
2811 2976 2934 3016 esse
2965 2964 3214 3021 volumus
3237 2968 3382 3039 quod
3409 2977 3547 3026 tem-

1952 3055 2087 3111 pore
2116 3041 2306 3096 domui
2340 3043 2612 3099 Paschalis
2658 3049 2704 3101 II
2735 3065 2890 3118 papae
2934 3059 2985 3106 et
3016 3064 3290 3125 praecepto
3345 3057 3537 3128 ipsius,

1952 3128 2261 3184 Bisuntinos
2290 3130 2538 3196 clericos,
2572 3142 2624 3188 et
2652 3135 2900 3191 abbatem
2932 3139 3316 3199 Divionensem
3344 3147 3541 3202 Jaren-

1954 3225 2134 3271 tonem
2168 3219 2235 3272 ad
2267 3218 2632 3275 deﬁniendum
2663 3228 3089 3282 controversiam
3130 3247 3250 3301 quae
3277 3233 3419 3288 inter
3446 3252 3542 3291 eos

1956 3314 2073 3360 erat
2098 3306 2165 3360 de
2196 3307 2427 3362 ecclesia
2457 3308 2669 3364 Sancta;
2700 3312 2881 3366 Mariae
2907 3315 3195 3379 Salinensi,
3216 3320 3543 3391 Lugdunum

1954 3396 2248 3449 convenire
2281 3396 2508 3450 fecimus
2544 3413 2556 3451 :
2592 3416 2821 3469 quorum
2844 3403 3150 3460 actionibus
3178 3415 3230 3461 et
3264 3415 3543 3480 responsis

1954 3484 2170 3547 auditis,
2191 3486 2361 3538 visum
2395 3495 2481 3539 est
2513 3488 2694 3550 nobis,
2721 3497 2768 3542 et
2795 3490 2885 3560 qui
2904 3493 3188 3548 nobiscum
3209 3507 3362 3552 erant
3383 3516 3545 3557 vene-

1953 3580 2211 3634 rabilibus
2244 3582 2535 3652 episcOpis,
2572 3585 3539 3665 HugoniscilicetGratianopolitano,

1954 3669 2174 3723 Irmioni
2208 3671 2410 3735 Diensi,
2442 3681 2494 3726 et
2524 3673 2760 3729 Robrrto
2792 3676 3142 3746 Lingonensi,
3178 3691 3233 3736 ut
3264 3685 3541 3742 amicabili

1951 3768 2114 3828 pacto
2144 3760 2325 3828 petius
2356 3777 2517 3831 quam
2562 3762 2809 3831 judiciali
2839 3768 3126 3837 sententia,
3160 3786 3351 3826 eorum
3393 3775 3541 3831 litem

1950 3846 2253 3901 ﬁniremus.
2321 3849 2582 3904 Convenit
2635 3852 2798 3923 igitur
2845 3856 2984 3910 inter
3031 3872 3126 3911 eos
3180 3868 3239 3913 ut
3285 3865 3540 3920 monachi

1950 3945 2313 4000 Divionenses
2342 3962 2536 4002 omnes
2564 3950 2815 4019 querelas
2846 3968 2981 4023 quas
3017 3954 3283 4012 adversus
3313 3960 3540 4019 clericos

1954 4034 2263 4089 Bisuntinos
2286 4044 2379 4089 aut
2410 4037 2633 4107 scripto,
2665 4047 2753 4093 aut
2790 4039 2905 4096 sine
2941 4043 3166 4112 scripto,
3199 4046 3251 4100 in
3285 4048 3540 4106 Salinen-

1951 4122 2100 4177 sibus
2113 4123 2362 4178 ecclesiis
2379 4125 2579 4181 habere
2598 4127 3043 4201 videbantur,per
3059 4148 3279 4189 manum
3299 4146 3544 4196 nostram

1951 4211 2059 4265 illis
2081 4212 2297 4267 clericis
2319 4213 2541 4269 omnino
2571 4215 2848 4287 wirpirent
2877 4226 2931 4273 et
2984 4220 3333 4295 dimitterent,
3366 4236 3420 4283 et
3450 4229 3547 4285 Ec-

1950 4299 2133 4355 clesiae
2171 4301 2390 4372 quidem
2438 4302 2730 4359 Bisuntime
2776 4306 2989 4378 clerici,
3046 4324 3235 4366 omnes
3277 4316 3543 4374 ecclesias

1953 4387 2268 4443 Salinenses
2299 4390 2417 4446 sine
2446 4391 2593 4445 omni
2639 4393 2984 4451 Divionensis
3015 4398 3274 4457 Ecclesiae
3318 4407 3544 4475 querela

1945 4476 2072 4545 jure
2112 4486 2372 4547 perpetuo
2403 4480 2786 4550 possiderent;
2821 4484 3009 4541 clerici
3040 4502 3171 4544 vero
3211 4490 3547 4550 Divionensi-

1954 4565 2056 4619 bus
2079 4566 2359 4621 monachis
2379 4569 2765 4637 concederent,
2798 4582 3062 4643 quatenus
3102 4575 3158 4631 in
3192 4585 3337 4634 terra
3358 4582 3551 4639 Divio-

1956 4654 2145 4711 nensis
2177 4654 2459 4721 Ecclesiae,
2493 4656 2546 4710 in
2565 4658 2748 4731 aliquo
2779 4663 3555 4740 convenientiloco,capellam

1959 4751 2170 4815 septem
2209 4751 2511 4800 statuarum
2550 4745 2603 4800 in
2640 4746 3001 4821 longitudine,
3059 4764 3290 4825 excepta
3317 4759 3552 4831 obsidia,

1960 4833 2027 4887 ad
2057 4848 2221 4887 unum
2255 4841 2455 4887 tantum
2487 4833 2656 4891 altare
2689 4848 3052 4910 competente,
3112 4851 3164 4897 et
3222 4854 3457 4915 quatuor
3497 4850 3555 4904 in

1961 4921 2242 4977 latitudine
2274 4923 2329 4974 in
2387 4921 2585 4977 Salinis
2643 4926 2923 4983 aediﬁcare
2972 4928 3157 4985 liceat.
3225 4934 3558 4993 Cimiterium

1965 5018 2148 5066 autem
2180 5026 2245 5065 ex
2275 5010 2421 5065 omni
2454 5021 2602 5080 parte
2653 5014 2795 5069 circa
2817 5016 2990 5086 ipsam
3021 5020 3294 5089 capellam
3352 5034 3562 5096 septem

1966 5107 2264 5155 statuarum
2296 5098 2563 5164 similiter,
2616 5102 2683 5156 ad
2715 5104 3091 5174 sepeliendum
3142 5115 3346 5166 tantum
3370 5129 3565 5170 mona-

1969 5187 2124 5253 chos,
2146 5186 2282 5241 alias
2301 5203 2435 5241 vero
2458 5192 2811 5258 personasibi
2831 5210 2941 5248 non
2962 5197 3251 5266 sepeliant.
3274 5202 3566 5261 Parochia-

1968 5290 2068 5329 nos
2083 5284 2262 5329 autem
2295 5275 2626 5343 Salinenses,
2658 5295 2761 5336 nec
2794 5282 2968 5346 vivos,
3003 5301 3105 5341 nec
3127 5296 3368 5346 mortuos
3386 5295 3568 5351 susci-

1969 5365 2137 5436 piant.
2170 5364 2326 5433 Quod
2359 5365 2405 5418 si
2433 5366 2631 5438 aliquis
2686 5372 3141 5440 pamchianorum
3174 5376 3565 5452 Salinensium,

1973 5453 2026 5507 in
2056 5454 2397 5524 aegritudinis
2451 5455 2596 5511 lecto
2616 5460 2847 5528 positus,
2902 5465 3203 5520 monachus
3261 5484 3362 5539 pro
3419 5482 3570 5530 metu

1972 5543 2163 5597 mortis
2222 5540 2364 5598 effici
2413 5544 2663 5612 voluerit,
2724 5564 2852 5614 non,
2903 5550 3011 5606 nisi
3040 5556 3358 5627 presbytero
3406 5563 3572 5634 cujus

1972 5640 2336 5709 parochianus
2359 5649 2459 5708 est,
2492 5652 2784 5711 annuente,
2819 5662 2942 5701 eum
2971 5651 3293 5721 suscipiant.
3322 5657 3572 5715 Conces-

1974 5737 2161 5784 serunt
2189 5728 2349 5783 etiam
2379 5729 2565 5786 clerici
2596 5732 2729 5802 ipsis
2754 5737 3064 5804 monachis,
3106 5740 3375 5799 decimam
3413 5748 3575 5804 unius

1975 5824 2180 5873 tantum
2211 5817 2384 5873 vineae
2414 5819 2729 5891 ejus,quam
2763 5838 2835 5877 ex
2864 5824 2955 5879 his
2984 5843 3120 5898 quos
3134 5846 3201 5885 eo
3233 5839 3478 5904 tempore
3515 5836 3573 5892 in

1973 5906 2306 5964 dominicatu
2335 5908 2569 5977 tenebat,
2606 5904 2801 5985 ’usque
2831 5912 2899 5968 ad
2944 5916 3255 5989 proximum
3304 5922 3573 5979 Penteco-
