3882 6410
442 379 548 434 527

1299 374 1579 435 PETRUS
1617 373 1963 434 ALPHONSI
2005 377 2102 436 EX
2141 381 2383 438 ΠηλιΕο
2421 377 2882 437 CIIRISTIANUS

3628 379 3750 435 528

437 509 559 557 sten
589 502 934 574 potissimum
965 503 1249 576 elegerint,
1269 510 1322 558 et
1347 503 1564 559 clericis
1582 510 1770 558 notum
1786 502 2032 559 fecerint.
2064 506 2120 564 A
2152 523 2284 562 nere
2316 524 2330 560 :
2364 505 2632 578 reliquam
2659 513 2870 576 partem
2893 505 3151 562 Artaldus
3182 521 3352 560 senex
3375 504 3605 576 quijure
3622 507 3750 561 has-

437 591 697 648 Promisit
717 600 898 648 autem
928 592 1101 647 abbas
1151 601 1204 648 et
1225 591 1475 647 monachi
1533 591 1638 658 sui,
1665 608 1765 662 per
1810 609 2031 647 manum

443 689 711 746 nostram,
745 681 891 753 quod
923 690 1030 736 tam
1066 681 1121 735 in
1153 681 1237 736 bis
1267 698 1426 752 quam
1461 681 1516 734 in
1545 681 1666 736 aliis
1697 697 1818 752 quae
1846 681 1913 734 ad
1945 681 2035 736 Bi-

444 770 720 825 suntinam
769 770 1050 826 dioecesim
1082 771 1374 841 pertinent,
1408 770 1665 825 Ecclesiae
1721 770 2034 836 Bisuntinac,

441 861 596 914 salvo
653 858 847 914 ordine
905 875 1030 924 suo,
1085 859 1359 924 obediant,
1395 867 1446 914 et
1475 858 1772 914 canonicos
1802 859 2032 925 bannos,

441 955 602 1018 atque
634 947 1227 1004 excommunicationes
1247 947 1644 1018 archiepiscOpi
1680 955 1732 1002 et
1753 947 2036 1003 ministro-

442 1051 564 1091 rum
595 1035 716 1104 ejus
745 1035 1036 1103 diligenter
1065 1037 1390 1092 observent.
1427 1035 1733 1091 Statuimus
1767 1036 1950 1108 igitur,
1982 1043 2037 1092 et

323 1195 326 1198 Α
438 1125 742 1196 apostolica
789 1125 1121 1182 auctoritate
1178 1124 1478 1190 firmamus,
1537 1133 1597 1179 ut
1634 1122 1878 1181 definitio
1926 1125 2036 1180 ista

439 1213 700 1284 utrinque
765 1213 1094 1270 inconcussa
1141 1222 1412 1270 servetur.
1453 1213 1512 1270 Si
1540 1213 1663 1286 quis
1691 1229 1822 1270 vero
1876 1215 2034 1282 hujus

440 1306 644 1354 nostra:
677 1297 1013 1354 deﬁnitionis
1041 1299 1278 1354 scienter
1306 1307 1599 1354 temerator
1627 1297 1914 1364 exstiterit,
1930 1299 2032 1353 nisi

438 1386 580 1442 infra
615 1387 981 1460 quadraginta
995 1387 1116 1442 dies
1133 1397 1256 1459 post
1273 1387 1754 1444 commonitionem
1776 1387 2032 1458 resipue-

437 1471 528 1538 rit,
561 1479 616 1527 et
638 1471 690 1528 ei
719 1471 805 1528 cui
835 1472 1104 1542 injuriam
1160 1471 1400 1527 intulerit
1433 1472 1705 1528 amicabili
1753 1471 2020 1542 composi-

437 1549 588 1616 tione
616 1569 708 1614 aut.
731 1560 942 1630 judicio
973 1561 1302 1631 competenti
1323 1559 1662 1632 satisfecerit,
1697 1561 1840 1616 laesae
1863 1575 2030 1632 apos-

433 1648 613 1706 tolicae
630 1649 935 1719 majestatis
955 1665 1081 1705 reus
1104 1649 1388 1704 habeatur.

498 1742 693 1794 Actum
737 1739 985 1811 Lugduni
1039 1738 1275 1810 publice,
1309 1753 1454 1794 anno
1496 1737 1888 1794 Incarnationis
1911 1738 2026 1792 Do-

430 1826 753 1926 nicm1196,
788 1827 974 1926 pridie.
1005 1825 1128 1926 .Kal.
1161 1827 1380 1897 Aprilis,
1441 1826 2018 1926 SabbatohinnAlbis.
2060 1859 2110 1922 Β
2141 1825 2487 1920 είξηξξέῐξέιί

434 1915 620 1984 Hujus
648 1930 777 1971 vero
811 1913 1145 1970 deﬁnitionis
1170 1924 1336 1970 testes
1368 1923 1492 1970 sunt
1519 1915 1606 1970 isti
1643 1933 1656 1970 :
1690 1916 1748 1972 S.
1779 1915 2028 1987 Hugonis

431 2004 918 2076 Gratianopolitani
978 2003 1224 2075 episcopi
1258 2019 1271 2070 ;
1305 2003 1366 2060 S.
1396 2004 1651 2060 Irmionis
1681 2004 1896 2059 Diensis
1915 2003 2030 2074 epi-

431 2093 585 2164 scopi
617 2111 631 2156 :
665 2093 724 2148 8.
747 2093 1108 2164 Lingonensis
1129 2092 1371 2163 episcOpi
1399 2107 1412 2157 ;
1445 2092 1501 2148 S.
1522 2093 1787 2148 Rostanni
1805 2093 2028 2164 Lugdu-

435 2181 626 2238 nensis
657 2181 1050 2250 archidiaconi,
1099 2182 1155 2237 S.
1189 2181 1482 2236 Theotardi
1529 2181 1908 2254 Lugdunensis
1937 2196 2031 2236 ca-

435 2270 675 2336 merarii,
709 2270 766 2324 S.
799 2269 1086 2325 Joceranni
1119 2269 1500 2341 Lugdunensis
1531 2269 1790 2334 cantoris,
1822 2271 1880 2326 S.
1913 2271 2028 2325 Go-

433 2359 594 2414 donis
626 2359 880 2415 canonici
901 2358 1452 2428 etarchipresbyteri,
1476 2358 1532 2412 S.
1567 2358 1813 2412 Mainerii
1834 2359 2027 2414 (lecani

429 2447 727 2514 Bisuntini,
760 2448 822 2502 S.
856 2447 1132 2519 Hugonis,
1153 2447 1214 2502 S.
1258 2447 1539 2517 Stephani,
1573 2447 1628 2501 S.
1661 2446 2029 2502 \Villelmiar-

427 2535 757 2599 chidiaconi,
795 2536 850 2590 S.
873 2535 1130 2604 Stephani
1155 2535 1412 2599 cantoris,
1449 2537 1504 2589 S.
1527 2536 1776 2607 Hugonis
1799 2537 2018 2590 archid.

428 2623 488 2679 S.
520 2624 828 2679 Jarentonis
859 2623 1092 2694 abbatis,
1129 2623 1186 2678 S.
1211 2623 1433 2678 Jotfredi
1451 2623 1671 2694 prioris,
1706 2623 2028 2694 S.Hugonis

427 2711 704 2780 monachi,
740 2711 796 2766 S.
847 2711 1070 2766 alterius
1120 2712 1369 2784 Hugonis
1425 2712 1495 2767 de
1541 2713 1703 2767 Berth
1752 2713 2024 2780 monachi,

427 2801 485 2857 S.
519 2800 729 2856 Odonis
760 2799 1028 2870 monachi,
1063 2800 1120 2856 S.
1154 2800 1384 2856 Eurardi
1414 2800 1694 2856 monachi.

1119 2943 1326 2998 XXIX.

426 3048 640 3108 Charta
659 3050 984 3106 donationis
1004 3051 1254 3106 ecclesitc
1281 3051 1478 3106 Sancti
1495 3051 1730 3106 Joannis
1751 3049 1817 3106 de
1833 3051 2025 3106 Bruii-

496 3123 704 3194 lolisab
727 3121 965 3194 Hugone
985 3123 1399 3194 archiepiscopo
1439 3123 1804 3193 Lugunensis
1826 3123 2024 3179 Eccle-

491 3194 610 3260 εὶιε,
635 3193 872 3249 abbatis:
889 3192 1234 3248 Saviniensi.

419 3300 526 3371 (Dn
555 3315 625 3354 LA
655 3300 836 3366 Mona,
870 3299 1024 3355 Hist.
1058 3300 1255 3354 ecclés.
1275 3300 1341 3356 de
1369 3301 1535 3372 Lyon,
1559 3315 1614 3371 p.
1633 3303 1754 3367 390,
1774 3315 1844 3355 ex
1859 3300 2021 3356 char—

777 3387 978 3444 tulario
1021 3387 1323 3455 Saviniac.,
1371 3389 1466 3444 fol.
1505 3390 1664 3459 120.)

493 3495 952 3566 Archiepiscopus
983 3495 1141 3567 Hugo
1171 3494 1552 3567 Lugdunensis
1570 3494 1768 3551 Sancto
1784 3494 2020 3551 Martino

418 3583 727 3640 Saviniensi
753 3593 803 3638 et
833 3583 1038 3638 domno
1067 3582 1230 3638 lterio
1260 3583 1442 3638 abbati
1480 3583 1722 3638 secundo
1752 3591 1804 3638 et
1822 3599 2014 3639 mona-

420 3672 541 3728 chis
575 3672 648 3725 ibi
675 3673 790 3726 Deo
822 3671 1188 3726 servientibus
1231 3669 1528 3727 ecclesiam
1559 3671 1739 3726 Sancti
1794 3671 2018 3726 Joannis

417 3761 489 3817 de
519 3759 793 3815 Bruillolis
821 3760 1042 3815 donavit
1059 3765 1224 3830 atque
1251 3759 1612 3814 laudavitsub
1635 3759 1864 3814 testibus
1897 3761 2015 3814 his:

413 3849 604 3906 Girino
638 3849 822 3915 Calvo,
854 3848 1045 3903 Girino
1075 3849 1378 3918 capellanu,
1413 3848 1649 3904 Berardo
1707 3850 1884 3916 Ursel,
1918 3850 2016 3903 Ca-

415 3939 600 4004 tardo,
634 3940 928 4002 Bostanno,
948 3936 1124 3992 Ferlo.
1152 3937 1464 4014 Willelmus
1476 3937 1784 4009 d’Agerolis
1802 3953 2018 4010 quoque

411 4035 466 4084 et
497 4027 667 4082 frater
697 4026 823 4095 ejus
871 4025 1095 4082 Pontius
1157 4041 1260 4096 pro
1291 4042 1352 4081 se
1409 4026 1643 4098 suisque
1701 4027 2017 4096 parentibus

411 4125 628 4188 partem
649 4131 817 4186 quam
848 4114 904 4169 in
933 4115 1036 4171 hac
1079 4114 1314 4170 ecclesia
1336 4114 1700 4186 possidebant
1747 4115 2016 4170 dederunt

413 4205 616 4261 Sancto
637 4203 904 4274 Martino,
935 4211 989 4258 et
1017 4211 1322 4260 memorato
1343 4203 1528 4259 abbati
1548 4203 1666 4258 sine
1695 4201 1880 4275 aliquo
1897 4219 2016 4258 mu-

2147 595 2399 650 reditario
2428 611 2580 650 suam
2641 610 2764 650 esse
2792 593 3026 662 dicebat,
3051 593 3202 650 dedit
3224 593 3472 651 similiter
3500 595 3554 647 in
3586 594 3750 664 capi—

2146 685 2257 739 tulo
2287 683 2596 738 Saviniensi
2625 699 2806 738 coram
2836 683 3033 738 abbate
3054 691 3105 738 et
3137 682 3412 737 fratribus.
3443 682 3744 738 Wilelmus

2144 773 2213 826 de
2241 773 2525 827 Malboson
2552 772 2714 826 etiam
2745 772 2888 843 quod
2930 773 2986 826 in
3012 771 3131 842 ipsa
3162 771 3394 826 ecclesia
3445 770 3742 842 quaerebat

2145 861 2262 916 sine
2294 861 2402 916 ullo
2433 869 2642 916 retentu
2672 861 2821 915 dedit
2850 868 3014 932 atque
3035 860 3295 930 wirpivit.
3314 858 3652 914 Amblardus
3683 867 3742 914 et

2142 950 2506 1021 Theotyrinus
2561 948 2767 1004 Portati
2809 957 2862 1004 et
2902 949 3028 1003 Bosi
3087 947 3230 1019 quod
3282 947 3392 1003 illic
3419 947 3522 1002 visi
3577 956 3740 1002 erant

2141 1038 2363 1106 habere,
2425 1054 2490 1094 ex
2545 1045 2656 1092 toto
2709 1037 2931 1092 dedere.
2975 1036 3080 1106 Qui
3108 1037 3226 1093 haec
3255 1037 3399 1094 dona
3420 1035 3728 1108 infregerit,

2143 1126 2258 1182 sive
2287 1125 2649 1183 calumniatus
2676 1124 2860 1192 fuerit,
2892 1125 3184 1180 anathema
3213 1125 3306 1179 sit.
3344 1127 3542 1180 Amen.

2146 1341 2356 1397 Charta
2372 1339 2698 1396 donationis
2717 1339 2784 1395 ab
2795 1249 3212 1410 ατξῗέξιίὶςσορο
3229 1335 3465 1410 Erigone
3480 1409 3494 1410 ί
3508 1335 3735 1410 Lagari-

2212 1413 2382 1467 nensi
2400 1412 2638 1467 abbatissa
2663 1406 3004 1468 Savinicnsi'
3023 1409 3090 1465 de
3125 1406 3345 1482 capella
3384 1407 3439 1464 S.
3465 1408 3626 1462 Petri
3657 1406 3731 1462 de

2215 1483 2558 1554 Camopseto.

2141 1589 2247 1658 (Dn
2267 1604 2335 1644 ω
2357 1589 2540 1656 binas,
2571 1586 2691 1644 ibid
2703 1627 2746 1655 .,
2787 1602 2853 1644 ex
2899 1585 3231 1642 chartulario
3261 1583 3510 1656 ejusdem
3539 1584 3716 1640 abba-

2732 1676 2840 1742 tiae,
2861 1675 2952 1742 fol,
2989 1676 3138 1745 121.)

2207 1776 2449 1831 Domnus
2475 1775 2635 1845 Hugu
2657 1773 3039 1844 Lugdunensis
3066 1771 3514 1844 archiepiscopus
3542 1770 3731 1828 eccle-

2515 1862 2814 1926 Laurentii,
2849 1871 2902 1916 et
2929 1861 3194 1932 capellam
3229 1861 3413 1918 Sancti
3445 1861 3588 1916 Petri
3617 1861 3731 1916 Ca-

2135 1952 2371 2024 m0pseti
2399 1969 2520 2007 cum
2564 1950 2791 2006 decimis
2848 1959 2902 2006 et
2947 1966 3135 2006 eorum
3192 1949 3528 2022 appendiciis
3577 1949 3732 2005 dedit

2135 2040 2555 2113 atquelaudavit
2584 2041 2784 2096 Sancto
2815 2039 3050 2094 Martiae
3081 2037 3407 2104 Saviniensi,
3459 2045 3514 2093 et
3538 2037 3728 2092 abbati

2137 2129 2298 2184 lterio
2326 2128 2587 2196 secundo,
2619 2127 3008 2200 monachisque
3055 2126 3190 2182 inibi
3245 2127 3362 2182 Deo
3415 2125 3728 2181 famulanti-

2139 2218 2430 2380 bugignum
2458 2306 2714 2380 Wigonis
2743 2304 2956 2360 abbatis
2986 2303 3168 2359 fratris
3211 2303 3347 2373 ejus,
3380 2303 3597 2358 Arberti
3633 2319 3727 2358 ar-

2137 2396 2462 2461 chidiaconi,
2497 2395 2674 2451 Girini
2705 2394 2883 2461 Calvi,
2917 2393 3093 2450 Girini
3121 2392 3411 2462 capellani,
3439 2393 3725 2461 Bostanni,

2135 2485 2356 2540 Arberti
2385 2484 2868 2556 archipresbyteri.

2825 2607 3041 2662 XXXI.

2138 2697 2345 2754 Charta
2377 2697 2700 2754 donationis
2723 2697 2972 2752 ecclesia
2999 2696 3065 2750 de
3101 2696 3442 2751 Besscnnaco
3487 2695 3730 2750 abbatis:

2211 2769 2604 2825 Saviuiaccnsi
2647 2768 2716 2823 ab
2739 2767 2976 2838 Hugone
3025 2768 3287 2822 Ecclesia
3324 2765 3723 2838 Lugdunensis

2205 2841 2641 2911 archiepiscopo.

2131 2947 2240 3018 (Ds
2268 2961 2334 3000 ω
2361 2947 2524 3002 Mona
2552 2945 2708 3013 ibid.,
2742 2959 2808 3000 ex
2836 2943 3174 3000 chartulario
3202 2941 3430 2998 abbatis:
3465 2941 3723 3000 Savinia-

2813 3031 3042 3103 censis.)

2203 3140 2650 3215 Lugdunensium
2685 3139 3127 3211 archiepiscopus
3159 3139 3336 3212 Hugo,
3382 3139 3496 3194 Deo
3541 3137 3723 3210 inspi-

2051 3215 2100 3277 Ο
2133 3239 2306 3296 rente,
2341 3229 2628 3286 ecclesiam
2655 3229 2725 3284 de
2753 3229 3098 3284 Bessennaco
3129 3227 3277 3283 dedit
3334 3227 3531 3282 Sancto
3563 3227 3716 3281 Mar-

2129 3321 2241 3376 tino
2269 3319 2640 3376 Saviniacensi
2688 3326 2740 3373 et
2776 3317 2959 3372 abbati
3006 3317 3170 3373 lterio
3203 3316 3461 3382 secundo,
3513 3331 3713 3371 mona-

2129 3411 2358 3481 chisque
2388 3408 2591 3464 ibidem
2621 3405 2976 3479 degentibus.
3021 3406 3157 3460 Huic
3187 3405 3432 3462 ecclesia;
3460 3405 3720 3460 domina-

2129 3498 2328 3554 bantur
2345 3497 2510 3570 Wigo
2525 3498 2762 3568 Longus,
2789 3493 3502 3550 AmblardusetWillelmus
3518 3492 3720 3548 fratres

2128 3586 2392 3658 illius,qui
2417 3599 2514 3657 pro
2537 3601 2641 3640 sua
2669 3601 2998 3656 suorumque
3027 3591 3312 3655 parentum
3343 3582 3719 3653 redemptione

2127 3675 2336 3748 absque
2365 3675 2476 3730 ullo
2504 3691 2726 3728 munere
2779 3673 2842 3728 S.
2873 3673 3102 3728 Mai-tino
3129 3670 3496 3727 Saviniacensi
3547 3687 3612 3726 ex
3642 3671 3722 3725 in-

2127 3773 2282 3835 tegro
2307 3764 2574 3819 dederunt
2595 3771 2758 3834 atque
2818 3762 3191 3826 laudaverunt,
3247 3769 3384 3816 teste
3435 3760 3713 3816 Barnuino

2129 3853 2608 3924 archipresbytero
2639 3859 2691 3906 et
2722 3852 2951 3922 Hugone
2993 3850 3062 3904 de
3117 3849 3320 3919 Lasney
3356 3867 3370 3914 ;
3401 3848 3705 3920 Stephanus

2123 3942 2372 4014 Nigellus
2402 3950 2608 4012 partem
2641 3954 2806 4010 quam
2853 3939 2924 3994 ab
2953 3954 3122 3993 uxore
3152 3945 3442 4008 acceperat
3461 3937 3608 3992 dedit
3656 3938 3713 3992 in

2125 4028 2277 4084 obitu
2308 4041 2408 4080 suo
2465 4024 2667 4080 Sancto
2708 4023 2933 4078 Martino
2971 4041 2986 4090 ;
3015 4021 3242 4078 testibus
3269 4020 3396 4076 filiis
3451 4021 3572 4090 ejus
3601 4023 3713 4076 Wi-

2124 4113 2290 4170 lelmo
2321 4122 2373 4169 et
2420 4113 2718 4184 Stephano,
2765 4127 2975 4168 necnon
3024 4109 3301 4182 Stephano
3329 4110 3620 4179 Willenco,
3657 4119 3710 4168 et

2123 4203 2287 4258 fratre
2302 4201 2425 4272 ejus
2455 4203 2704 4274 Hugone.

415 4374 3694 4412 Μ

1789 4525 1943 4567 ANNO
1982 4526 2180 4568 DOHINI
2217 4527 2347 4568 Μονι

838 4699 1830 4914 PETRUS
1999 4697 3274 4913 ALPHONSI

1326 5079 1485 5172 EX
1553 5077 1947 5173 δυωΕο
2008 5033 2776 5173 CHRISTIANUS

1907 5264 2205 5279 ————-—-

853 5373 1388 5482 NOTITIA
1462 5369 2154 5478 HISTORICA
2231 5370 2396 5473 ET
2467 5363 3246 5471 LITTERARIA

1170 5590 1537 5662 (Bibliotheca
1567 5589 1825 5665 Hispana
1854 5597 2028 5656 vetus,
2063 5595 2286 5645 auctore
2315 5585 2382 5641 D.
2415 5585 2673 5652 Antonio,
2706 5584 2802 5651 Ill,
2837 5583 2924 5655 16)

461 5739 702 5816 Moyses,
764 5739 1020 5797 Hebraeus
1067 5745 1289 5798 natione
1332 5753 1607 5816 sectaque,
1677 5743 1751 5816 ab
1791 5757 1866 5816 ea_
1909 5738 1979 5796 ad
2089 5753 2156 5796 eo
2187 5737 2406 5816 quodin
2434 5735 2578 5816 festo
2605 5735 2720 5816 SS._
2749 5732 3142 5816 _apostolorum
3169 5729 3309 5785 Petri
3330 5737 3388 5812 et
3419 5729 3581 5816 Pauli
3611 5745 3693 5816 sa-

393 5806 864 5864 Christianismum
894 5828 1189 5867 conversus
1233 5829 1376 5868 anno
1410 5806 1565 5878 “0’6,
1593 5806 1652 5867 in
1678 5815 1810 5867 urbe
1832 5813 1971 5868 Osca

391 5878 551 5952 regni
581 5878 885 5946 Aragoniir,
912 5897 974 5937 ac
1022 5884 1241 5936 Parens
1274 5888 1556 5940 ALPUONBI
1605 5891 1966 5955 nuncupatus,

2089 5825 2186 5866 cro
2207 5801 2404 5864 tinctus
2434 5808 2662 5864 lavacro
2693 5801 3041 5876 Alphonsum
3099 5801 3598 5876 Aragoniaesimul
3632 5811 3692 5876 _et

2081 5881 2333 5937 Castellze
2359 5888 2522 5950 atque
2547 5871 2806 5951 Legionis
2844 5891 3055 5950 regem,
3090 5871 3248 5944 cujus
3301 5873 3550 5930 medicus
3571 5871 3684 5940 fuit,
