3882 6410
227 414 331 468 537

1728 404 2013 462 DIALOGI

3417 404 3521 458 538

227 537 377 592 Tunc
428 534 586 591 nobis
639 532 1042 605 prophetiarum
1125 532 1354 588 claustra
1408 537 1714 603 patuerunt,
1769 537 1822 585 et
1846 530 1901 592 Α
1930 529 2188 585 stolorum
2209 527 2348 585 Petri
2377 535 2429 583 et
2460 526 2632 583 Pauli.
2664 527 2817 584 Unde
2864 528 2998 584 mihi
3025 527 3098 583 ob
3124 526 3524 583 venerationem

229 640 413 679 earum
437 639 630 679 arcana
658 623 894 677 revelata
954 629 1094 689 sunt,
1128 629 1181 676 et
1208 621 1550 677 admovimus
1594 619 1834 675 animum

230 712 296 768 ad
328 712 737 783 percipiendum
793 725 978 764 verum
1012 725 1194 764 earum
1220 710 1572 776 intellectum,
1598 708 1826 762 morati-

228 816 333 869 que
361 816 544 854 sumus
571 814 732 868 super
760 798 937 868 ipsum
971 798 1397 866 explanandum.
1416 797 1568 853 Unde
1600 812 1829 867 perpen-

228 888 421 955 dimus,
455 887 669 956 etquod
700 886 754 939 in
809 885 886 939 eis
914 885 1340 957 intelligendum,
1393 892 1448 940 et
1500 885 1646 954 quod
1702 884 1827 939 inde

227 984 305 1030 est
357 974 706 1040 credendum,
770 972 1021 1027 videlicet
1069 972 1213 1042 quod
1264 991 1401 1028 unus
1455 974 1525 1028 sit
1550 972 1713 1040 Deus,
1771 972 1827 1025 in

230 1079 575 1133 personarum
620 1061 898 1129 Trinitate,
959 1077 1079 1131 qua
1110 1078 1209 1116 nec
1263 1062 1372 1117 ullo
1402 1078 1459 1115 se
1515 1059 1829 1132 praccdunt

232 1159 491 1222 tempore,
537 1166 637 1205 nec
699 1150 879 1219 aliqua
932 1165 965 1203 a
1021 1166 1081 1205 se
1136 1158 1491 1222 segregantur
1537 1148 1823 1215 divisione,

230 1253 363 1306 quas
418 1237 699 1293 Christiani
729 1238 959 1303 Patrem,
994 1245 1049 1290 et
1077 1237 1292 1304 Filium,
1327 1245 1380 1292 et
1399 1236 1660 1306 Spiritum
1691 1250 1824 1290 san-

229 1332 371 1379 ctum
425 1325 722 1393 nominant,
781 1332 834 1377 et
894 1324 1037 1395 quod
1067 1325 1226 1380 beata
1278 1325 1445 1379 Maria
1501 1324 1569 1379 de
1623 1323 1826 1395 Spiritu

228 1420 412 1467 sancto
445 1413 775 1482 concipiens,
815 1414 931 1469 sine
954 1413 1093 1468 virili
1151 1413 1526 1468 commistione
1557 1412 1822 1467 Christum

225 1501 454 1570 peperit,
486 1516 678 1570 corpus
703 1518 969 1573 generans
996 1501 1311 1567 animatum,
1344 1501 1487 1571 quod
1524 1501 1826 1570 incompre-

227 1588 509 1643 hensibilis
566 1590 780 1644 deitatis
834 1598 973 1644 esset
1031 1590 1414 1644 habitaculum.
1466 1590 1613 1645 Unus
1645 1588 1823 1657 itaque

226 1677 464 1732 Christus
491 1677 658 1732 tribus
683 1678 952 1749 perfectus
996 1677 1326 1745 substantiis,
1377 1694 1600 1750 corpore
1621 1677 1825 1732 scilicet

224 1765 407 1820 anima
460 1773 513 1819 et
575 1766 792 1835 deitate,
854 1766 999 1821 idem
1031 1774 1083 1821 et
1143 1768 1285 1821 Deus
1314 1774 1369 1822 et
1422 1769 1586 1822 homo
1616 1773 1712 1833 est,
1771 1772 1825 1819 et

224 1852 369 1922 quod
398 1869 521 1908 eum
573 1854 746 1910 Judai
802 1854 1193 1919 cruciﬁxerunt,
1226 1871 1323 1912 sua
1369 1855 1717 1927 dispositione
1763 1863 1896 1945 etB

222 1941 518 2010 voluntate,
544 1950 605 1996 ut
648 1942 783 1997 sicut
812 1951 926 1998 erat
953 1950 1181 2009 creator,
1201 1941 1352 1998 ﬁeret
1401 1952 1455 1998 et
1507 1946 1819 2019 redemptor

225 2029 383 2084 totius
461 2038 659 2085 sancta
689 2031 966 2098 Ecclesia,
1010 2030 1247 2086 ﬁdelium
1275 2032 1474 2088 scilicet
1501 2036 1823 2104 praceden-'

222 2117 353 2172 tium
384 2125 437 2172 et
463 2118 821 2188 sequentium,
854 2126 1199 2189 mortuusque
1227 2136 1451 2191 corpore
1480 2129 1533 2175 et
1558 2125 1814 2194 sepultus,

220 2212 274 2261 et
300 2206 449 2260 tertia
477 2207 564 2261 die
604 2207 893 2262 resurrexit
922 2224 953 2262 a
986 2208 1228 2275 mortuis,
1288 2209 1707 2266 aséenditetiam
1763 2214 1818 2268 in

220 2293 438 2361 calum,
464 2302 518 2348 et
545 2294 619 2349 ibi
674 2294 833 2349 simul
864 2302 944 2350 est
981 2312 1103 2351 cum
1132 2297 1304 2361 Patre,
1364 2305 1620 2353 venturus
1646 2300 1701 2353 in
1731 2300 1817 2354 die

215 2382 426 2452 judicii,
451 2382 696 2451 judicare
742 2382 895 2437 vivos
951 2390 1003 2438 et
1030 2392 1290 2448 mortuos,
1350 2385 1486 2439 sicut
1539 2390 1819 2459 prepheta

220 2478 383 2534 locuti
436 2486 577 2547 sunt,
625 2487 679 2534 et
733 2480 968 2535 futurum
1026 2481 1407 2550 pradixerunt.
1451 2484 1584 2539 Cum
1638 2485 1819 2555 itaque

221 2567 420 2622 divina
448 2568 1075 2623 miserationisinstinctu
1110 2570 1177 2624 ad
1208 2578 1313 2625 tam
1348 2572 1620 2627 excelsum
1664 2574 1821 2644 hujus

220 2652 343 2710 ﬁdei
372 2656 601 2727 gradum
640 2657 1025 2728 pervenissem,
1088 2658 1212 2712 exui
1270 2660 1491 2730 pallium
1550 2661 1816 2729 falsitatis,

222 2750 274 2798 et
304 2745 532 2799 nudatus
585 2761 703 2800 sum
735 2746 911 2800 tunica
967 2746 1279 2815 iniquitatis,
1332 2756 1385 2803 et
1410 2748 1709 2820 baptizatus
1764 2751 1819 2804 in

219 2833 348 2886 sede
399 2833 651 2887 Oscensis
683 2834 936 2900 civitatis,
997 2835 1052 2888 in
1080 2835 1298 2890 nomine
1320 2837 1506 2903 Patris,
1522 2846 1573 2892 et
1612 2838 1821 2904 Filii,et

221 2918 451 2990 Spiritus
472 2920 674 2989 Sancti,
706 2920 1016 2993 puriﬁcatus
1070 2923 1321 2978 manibus
1378 2924 1636 2995 Stephani
1690 2928 1818 2999 glo-

220 3017 348 3071 riosi
381 3026 436 3072 et
488 3018 717 3090 legitimi
772 3019 1015 3089 ejusdem
1073 3020 1304 3076 civitatis
1357 3022 1614 3094 episcopi.
1674 3024 1819 3079 Hora

222 3106 383 3160 etiam
424 3106 779 3177 baptismatis,
840 3116 1034 3179 prater
1061 3125 1125 3163 ea
1171 3125 1290 3179 qua
1343 3111 1619 3181 praemissa
1673 3120 1814 3181 sunt,

1935 626 1990 674 et
2013 618 2332 673 memoriam
2362 616 2605 686 ejusdem
2634 617 2884 687 apostoli,
2916 632 3115 674 nomen
3142 615 3287 687 quod
3315 621 3397 670 est
3423 615 3525 668 Pe-

1937 714 2065 774 trus,
2109 705 2361 776 imposui.
2418 705 2540 760 Fuit
2592 712 2771 760 autem
2828 713 2980 777 pater
3033 722 3186 760 meus
3230 700 3524 774 spiriuialis

1933 797 2247 862 Auunsus,
2276 794 2543 866 gloriosus
2568 793 2841 863 Hispania
2870 794 3181 865 imperator,
3228 792 3317 862 qui
3339 806 3427 845 me
3455 790 3523 845 de

1932 900 2086 939 sacro
2132 883 2281 938 fonte
2334 882 2582 951 suscepit,
2644 898 2808 951 quare
2863 899 3062 939 nomen
3127 882 3244 951 ejus
3296 880 3525 950 prafato

1934 973 2137 1028 nomini
2166 987 2288 1026 meo
2318 987 2613 1042 apponens,
2648 972 2833 1025 Petrus
2868 971 3076 1026 Alfunsi
3134 970 3267 1024 mihi
3323 984 3521 1024 nomen

1930 1060 2183 1130 imposui.
2216 1060 2460 1129 Cumque
2491 1067 2676 1114 notum
2725 1067 2864 1115 esset
2887 1060 3089 1115 Judais
3114 1059 3206 1128 qui
3249 1073 3339 1112 me
3366 1063 3525 1112 antea

1932 1155 2210 1215 noverant,
2252 1156 2305 1202 et
2334 1147 2696 1218 probaverant
2722 1148 2951 1218 peritum
2999 1148 3054 1201 in
3109 1146 3262 1201 libris
3278 1146 3523 1215 prophe-

1933 1245 2103 1291 tarum
2161 1244 2213 1290 et
2264 1235 2422 1290 dictis
2473 1235 2774 1304 doctorum,
2832 1244 3039 1307 partem
3067 1235 3228 1290 etiam
3266 1249 3374 1289 non
3397 1249 3524 1288 ma-

1929 1341 2094 1397 gnam
2118 1324 2316 1380 habere
2344 1323 2586 1379 omnium
2616 1323 2918 1379 liberalium
2951 1324 3165 1392 artium,
3185 1322 3329 1393 quod
3342 1322 3522 1393 legem

1930 1421 1983 1469 et
2010 1412 2173 1468 fidem
2224 1412 2550 1482 accepissem
2611 1411 3058 1479 Christianorum,
3105 1420 3159 1468 et
3185 1428 3322 1467 unus
3348 1425 3523 1465 essem

1930 1517 2137 1570 eorum,
2170 1501 2388 1571 quidam
2448 1516 2633 1555 eorum
2691 1500 2930 1556 arbritati
2984 1508 3107 1556 sunt
3134 1516 3222 1556 me
3268 1502 3370 1557 hoc
3410 1514 3522 1555 non

1931 1590 2137 1655 fecisse,
2174 1589 2272 1643 nisi
2330 1589 2453 1659 quia
2477 1590 2612 1643 adeo
2663 1603 2879 1644 omnem
2909 1589 3214 1659 abjeceram
3268 1603 3522 1645 verecun-

1929 1678 2096 1746 diam,
2128 1678 2270 1748 quod
2304 1686 2357 1732 et
2384 1678 2555 1732 Deum
2594 1685 2649 1731 et
2671 1678 2847 1750 legem
2896 1686 3350 1748 contempseram.
3417 1677 3521 1731 Alii

1927 1782 2057 1821 vero
2087 1774 2370 1838 propterea
2416 1782 2503 1819 me
2532 1765 2720 1821 fecisse
2775 1766 3045 1835 dicebant,
3104 1766 3249 1836 quod
3302 1781 3410 1820 non
3463 1773 3521 1821 ut

1926 1854 2176 1910 decuerat
2213 1856 2596 1924 prophetarum
2653 1862 2706 1909 et
2733 1854 2868 1927 legis
2921 1854 3088 1911 verba
3139 1854 3520 1909 intellexissem

1926 1943 2027 1997 Alii
2058 1951 2236 1998 autem
2268 1959 2423 1998 vana
2469 1943 2658 2015 gloria
2703 1943 3058 2014 imputabant,
3113 1951 3167 1998 et
3192 1960 3279 1998 me
3301 1944 3403 1999 hoc
3430 1942 3518 1999 fe-

1924 2032 2058 2087 cisse
2088 2032 2551 2086 calumniabantur
2578 2030 2651 2085 ob
2698 2032 2959 2087 honorem
3014 2031 3216 2101 saculi,
3276 2046 3341 2087 eo
3371 2031 3517 2102 quod

1926 2121 2345 2179 Christianorum
2406 2127 2624 2193 gentem
2680 2120 2886 2177 caeteris
2939 2121 3191 2176 omnibus
3242 2136 3521 2192 superesse

1924 2209 2311 2280 conspicerem.
2345 2209 2499 2263 Hunc
2526 2208 2690 2280 igitur
2722 2208 2960 2264 libellum
2989 2209 3288 2279 composui,
3320 2216 3378 2263 ut
3403 2225 3521 2264 om-

1926 2321 2021 2359 nes
2051 2313 2105 2360 et
2157 2322 2336 2360 meam
2390 2312 2721 2378 cognoscant
2770 2306 3142 2374 intentionem,
3201 2314 3254 2362 et
3297 2306 3520 2362 audiant

1924 2394 2209 2460 rationem,
2244 2394 2297 2447 in
2324 2409 2430 2463 quo
2476 2394 2719 2448 omnium
2740 2394 2965 2450 aliarum
3021 2395 3262 2466 gentium
3294 2394 3520 2450 creduli-

1928 2482 2048 2537 tatis
2068 2482 2480 2537 destructionem
2523 2482 2813 2551 praposui,
2845 2484 3109 2553 posthac
3164 2483 3519 2539 Christianam

1928 2570 2105 2641 legem
2154 2570 2405 2625 omnibus
2460 2571 2890 2638 prastantiorem
2956 2586 3069 2625 esse
3124 2572 3379 2626 conclusi.
3437 2571 3519 2626 Ad

1927 2659 2171 2713 ultimum
2224 2658 2384 2713 etiam
2429 2673 2617 2713 omnes
2670 2658 2955 2728 cujuslibet
3012 2660 3327 2715 Christiana
3383 2659 3520 2732 legis

1927 2747 2217 2801 adversarii
2246 2746 2581 2816 objectiones
2606 2746 2780 2815 posui,
2815 2748 3117 2818 positasque
3147 2764 3245 2819 pro
3275 2763 3397 2802 meo
3425 2764 3518 2803 sa-

1926 2850 2056 2904 pere
2091 2850 2213 2889 cum
2258 2835 2465 2890 ratione
2521 2841 2575 2889 et
2619 2835 2928 2890 auctoritate
2985 2836 3242 2891 destruxi.
3298 2835 3517 2891 Librum

1928 2930 2105 2978 autem
2137 2928 2305 2977 totum
2348 2921 2565 2977 distinxi
2595 2938 2692 2993 per
2717 2923 3014 2994 dialogum,
3071 2931 3128 2979 ut
3155 2924 3368 2980 lectoris
3397 2923 3520 2979 ani-

1928 3036 2047 3075 mus
2074 3018 2476 3091 promptiorﬁat
2504 3020 2571 3075 ad
2601 3020 3027 3092 intelligendum.
3046 3022 3104 3076 In
3119 3022 3519 3077 tutandisetiam

1928 3108 2354 3164 Christianorum
2393 3108 2909 3177 rationibus,nomen
2935 3111 3078 3178 quod
3090 3109 3252 3166 modo
3268 3110 3521 3165 Christia-

223 3194 425 3248 credidi
454 3194 645 3250 beatos
696 3197 985 3266 apostolos,
1019 3205 1073 3251 et
1125 3205 1364 3253 sanctam
1396 3200 1687 3254 Ecclesiam
1720 3216 1815 3255 ca-
1845 3233 1896 3296 Ο
1928 3214 2027 3252 nus
2054 3196 2249 3266 habeo,
2280 3198 2437 3266 posui
2470 3216 2483 3252 :
2515 3196 2812 3252 rationibus
2857 3214 2984 3253 vero
3013 3198 3301 3253 adversarii
3323 3197 3519 3253 confu-

224 3280 496 3335 tholicam.
537 3282 651 3336 Hoc
713 3289 891 3337 autem
952 3283 1150 3338 factum
1177 3292 1258 3339 est
1311 3300 1453 3340 anno
1482 3301 1514 3340 a
1544 3286 1819 3343 nativitate

221 3367 445 3423 Domini
477 3369 762 3426 millesimo
791 3372 1084 3426 centesimo
1113 3381 1285 3440 sexto,
1319 3375 1491 3429 atatis
1522 3390 1658 3430 mea
1678 3391 1818 3430 anno

223 3456 638 3530 quadragesimo
696 3466 905 3529 quarto,
941 3476 1125 3516 mense
1153 3461 1313 3530 Julio,
1345 3461 1433 3518 die
1462 3463 1654 3518 natalis
1679 3478 1819 3535 apo-

1931 3285 2121 3354 tandis,
2158 3300 2356 3340 nomen
2386 3285 2530 3356 quod
2548 3292 2671 3341 ante
2688 3285 3014 3357 baptismum
3039 3285 3353 3353 habueram,
3368 3285 3422 3340 id
3441 3291 3520 3339 est

1927 3375 2167 3445 Moysen.
2193 3373 2410 3429 Librum
2439 3373 2601 3428 etiam
2630 3373 2683 3427 in
2714 3373 2894 3428 titulos
2920 3372 3205 3429 duodecim
3227 3372 3405 3440 divisi,
3464 3381 3523 3427 ut

1929 3462 2074 3534 quod
2101 3462 2269 3519 lector
2295 3462 2520 3533 quisque
2546 3461 2833 3531 desiderat,
2855 3460 3010 3519 citius
3041 3462 3098 3516 in
3124 3460 3230 3517 illis
3258 3460 3517 3517 inveniat.

229 3687 3514 3719 mw

938 3905 1462 4017 INCIPIT
1575 3903 2270 4020 DIALOGUS
2379 3905 2793 4017 PETRI

524 4198 1266 4275 COGNOMENTO
1321 4201 1897 4297 ALPHONSI,
1955 4203 2106 4278 EX
2157 4202 2532 4279 JUD/EO
2589 4199 3210 4278 CHRISTIANI

1832 4447 1904 4489 ET

1320 4651 1754 4765 MOYSI
1867 4653 2311 4769 JUD/EI
2352 4729 2387 4764 .

291 5012 527 5069 ΡΒτιιυε.
561 5012 606 5068 Α
646 5017 828 5065 tenera
880 5009 1045 5084 igitur
1085 5012 1331 5082 pueritia
1382 5021 1539 5072 atate
1593 5014 1811 5087 quidam
1840 4996 1894 5057 Ῑ)
1923 5014 2031 5070 rari
2059 5015 2317 5072 sollicitus
2347 5016 2443 5086 fui,
2475 5015 2571 5073 sed
2625 5032 2778 5073 meus
2833 5012 3054 5070 aﬂ'ectus
3107 5010 3276 5069 caruit
3328 5007 3520 5067 eﬂ'ectu

218 5100 353 5156 mihi
437 5099 863 5172 perfectissimus
937 5100 1238 5157 adhaserat
1319 5104 1541 5171 amicus,
1600 5104 1819 5159 nomine

217 5192 447 5261 Moyses,
478 5191 570 5261 qui
601 5206 633 5245 a
663 5188 926 5260 primava
971 5198 1127 5245 atate
1158 5206 1310 5246 meus
1349 5193 1629 5248 consocius
1648 5192 1823 5247 fuerat

218 5286 271 5333 et
296 5279 713 5352 condiscipulus.
764 5278 847 5333 Ad
894 5280 1037 5334 hunc
1082 5296 1205 5334 cum
1261 5282 1589 5352 pervenisset
1642 5297 1819 5337 sermo

218 5366 363 5437 quod
391 5383 496 5439 ego
525 5375 758 5440 paterna
790 5367 913 5440 lege
944 5368 1127 5423 relicta
1184 5369 1537 5424 Christianam
1591 5370 1822 5442 delegis-

215 5471 329 5511 sem
351 5454 534 5523 fidem,
565 5457 753 5512 relicto
805 5473 917 5513 sua
946 5457 1188 5512 stationis
1208 5457 1345 5525 loco,
1378 5458 1445 5513 ad
1493 5474 1579 5513 me
1600 5459 1822 5513 festinus

215 5544 475 5615 pervenit,
506 5546 561 5598 in
622 5545 739 5616 ipso
771 5545 1007 5601 adventu
1048 5545 1336 5615 quemdam
1383 5546 1587 5601 vultum
1646 5547 1821 5602 ferens

215 5632 452 5687 hominis
497 5633 847 5704 indignantis,
873 5641 927 5688 et
966 5633 1247 5703 increpans
1276 5635 1524 5690 salutavit
1552 5651 1638 5690 me
1667 5650 1820 5691 more

215 5735 324 5775 non
354 5720 536 5787 amici,
570 5720 665 5775 sed
695 5721 846 5790 quasi
877 5722 1059 5788 alieni,
1093 5729 1145 5776 et
1175 5723 1251 5777 sic
1279 5739 1501 5779 exorsus
1529 5732 1607 5778 est
1638 5743 1650 5778 :
1684 5724 1819 5792 Vah,

216 5808 372 5863 Petre
427 5809 635 5863 Alfunsi
693 5810 705 5863 ι
766 5810 990 5865 Multum
1070 5811 1415 5881 pertransivit
1435 5812 1714 5884 temporis,
1753 5828 1822 5867 ex

218 5898 363 5967 quod
392 5897 462 5953 ad
491 5906 543 5952 te
571 5898 778 5965 venire,
813 5906 864 5955 te
893 5898 1093 5967 videre,
1126 5908 1302 5957 tecum
1322 5902 1469 5972 loqui
1499 5910 1551 5958 et
1569 5916 1819 5958 commo-

1926 5120 2093 5174 usque
2122 5105 2307 5173 modo,
2337 5122 2457 5160 cum
2517 5114 2565 5161 te
2618 5105 2742 5161 lato
2771 5103 2869 5160 Dei
2917 5101 3093 5175 gratia
3138 5100 3295 5157 video
3348 5099 3517 5157 Vultu.

1926 5193 2082 5248 Nunc
2106 5200 2249 5248 tuam
2288 5194 2440 5260 mihi,
2500 5210 2702 5265 quaso,
2733 5192 3031 5264 patefacias
3061 5189 3433 5257 intentionem,
3466 5195 3520 5243 et

1927 5298 2024 5354 per
2050 5298 2211 5352 quam
2241 5283 2328 5337 vel
2356 5283 2631 5353 antiquam
2661 5280 2976 5345 deserueris,
3011 5279 3097 5334 vel
3128 5292 3323 5334 vovam
3339 5278 3518 5349 legem

1928 5371 2194 5443 delegeris
2223 5372 2429 5443 pandas
2478 5370 2763 5427 rationem.
2794 5368 2936 5427 Novi
2966 5366 3111 5423 enim
3142 5366 3279 5423 bene
3308 5366 3439 5421 olim
3467 5372 3521 5420 te

1929 5461 2107 5516 valere
2128 5460 2183 5514 in
2214 5460 2424 5531 scriptis
2469 5462 2872 5532 prophetarum,
2905 5465 2960 5513 et
2985 5455 3164 5513 verbis
3218 5462 3519 5511 nostrorum

1928 5549 2207 5606 doctorum
2237 5566 2270 5604 a
2298 5548 2524 5621 pueritia
2553 5564 2765 5620 quoque
2785 5564 2946 5619 super
2971 5561 3160 5601 omnes
3185 5559 3524 5615 coaquavos

1932 5642 2051 5690 tuos
2081 5634 2218 5706 legis
2273 5634 2562 5689 relatorem
2618 5633 2799 5701 fuisse,
2858 5640 2911 5687 et
2938 5631 2982 5684 si
3013 5632 3133 5701 quis
3186 5628 3521 5685 adversarius

1931 5730 2087 5787 esset,
2124 5730 2171 5776 te
2220 5722 2297 5777 illi
2326 5723 2655 5778 defensionis
2681 5723 2926 5794 clypeum
2961 5719 3301 5790 opposuTsse;
3324 5715 3522 5770 Judais

1930 5811 1983 5866 in
2016 5811 2309 5885 synagogis
2338 5827 2406 5866 ne
2434 5828 2465 5866 a
2493 5828 2589 5866 sua
2635 5826 2870 5881 unquam
2901 5807 3009 5864 ﬁde
3052 5807 3363 5862 recederent
3390 5818 3522 5873 pra-

1926 5901 2154 5971 dicasse,
2213 5900 2457 5958 conscios
2513 5901 2777 5967 docuisse,
2835 5898 3023 5954 doctos
3050 5896 3105 5950 in
3160 5894 3338 5964 majus
3389 5905 3520 5962 pro-
