3882 6406
336 407 438 460 539

1268 399 1466 454 PETRI
1504 397 1850 454 ALPHONSI
1891 397 1990 452 EX
2027 395 2271 453 ΠΗ)Εο
2312 394 2712 451 CHRISTIANI

3533 388 3648 443 540

333 527 566 584 vexisse.
587 527 731 584 Ecce
759 534 938 582 autem
968 527 1148 584 nescio
1179 543 1284 598 quo
1314 532 1470 598 pacto
1489 523 1650 580 video
1677 537 1928 578 eommu-
1959 521 2014 581 A
2045 522 2234 592 phetas
2261 534 2361 592 pro
2389 520 2502 588 ejus
2558 519 2680 590 lege
2737 513 3102 573 conﬁrmanda
3155 513 3397 575 venisse;
3423 525 3534 566 non
3591 509 3654 564 in

336 623 528 680 tutum,
575 624 628 672 et
655 633 687 672 a
729 617 918 672 semita
969 617 1302 672 rectitudinis
1357 614 1666 680 alienatum,
1699 611 1842 682 quod
1887 617 1940 664 et

338 721 462 761 meo
510 705 725 761 videtur
771 706 972 771 animo,
1031 721 1210 761 errore
1259 703 1506 759 existimo
1563 704 1782 756 factum.
1842 699 1938 755 Cui

339 811 482 867 ego:
517 795 856 850 Plebeiorum
879 802 933 850 et
960 795 1330 864 imperitorum
1363 809 1482 846 mos
1510 799 1590 844 est
1635 790 1938 856 hominum,

338 891 399 938 ut
423 883 468 936 si
488 899 649 952 quem
692 883 983 952 quidquam
1042 892 1228 938 contra
1282 898 1435 936 suam
1493 896 1656 950 agere
1711 877 1942 932 viderint

339 971 799 1028 consuetudinem.
854 972 978 1026 licet
1005 971 1059 1026 id
1100 979 1302 1026 rectum
1353 977 1406 1024 et
1426 969 1780 1040 justissimum
1829 979 1944 1035 per'

341 1067 575 1128 maneat,
612 1059 824 1114 illorum
864 1068 1044 1114 tamen
1097 1059 1450 1114 mstimatione
1505 1066 1664 1127 atque
1713 1055 1938 1124 judicio,

341 1148 613 1219 injustitiw
639 1155 695 1203 et
721 1163 920 1204 nomen
967 1157 1022 1204 et
1065 1150 1278 1220 culpam
1333 1147 1539 1201 subeat.
1598 1147 1677 1200 Tu
1701 1159 1828 1199 vero
1885 1143 1941 1196 in

343 1237 699 1310 philosophiae
755 1237 908 1293 cunis
947 1239 1226 1302 enutritus,
1287 1235 1643 1308 philosophia
1689 1233 1943 1287 uberibus

342 1327 585 1393 laetatus,
619 1343 726 1396 qua
763 1327 940 1382 fronte
980 1343 1068 1381 me
1097 1335 1252 1396 potes
1298 1325 1592 1394 inculpare,
1651 1323 1824 1378 donec
1879 1335 1944 1376 ea

343 1432 463 1488 quae
490 1414 734 1483 fecerim,
755 1415 900 1484 justa
929 1432 998 1470 an
1019 1415 1219 1484 injuste
1248 1415 1429 1470 valeas
1452 1413 1681 1483 probare
1702 1412 1730 1464 ‘?

411 1539 658 1594 Mersus.
691 1535 962 1606 Quoniam
1012 1538 1118 1594 duo
1176 1537 1442 1592 contraria
1496 1551 1621 1589 meo
1660 1539 1946 1590 occurrunt

345 1627 560 1684 animo:
595 1641 782 1691 unum,
821 1627 946 1697 quia
972 1627 1180 1683 aestimo
1213 1635 1260 1682 te
1282 1625 1597 1698 prudentem
1633 1622 1808 1678 virum
1838 1638 1942 1675 non

345 1717 581 1789 potuisse
637 1715 892 1770 recedere
947 1717 1016 1772 ab
1039 1734 1103 1772 ea
1157 1732 1319 1786 quam
1378 1713 1599 1768 tenebas
1655 1713 1795 1783 lege,
1845 1709 1945 1764 nisi

345 1808 483 1862 hanc
511 1824 672 1879 quam
731 1806 1010 1877 suscepisti
1043 1805 1305 1860 veraciter
1351 1802 1696 1874 cognovisses
1748 1799 1945 1853 melio-

344 1910 499 1962 rem;
533 1897 782 1964 alterum,
834 1895 960 1965 quia
990 1895 1167 1966 legem
1226 1908 1387 1962 quam
1431 1899 1588 1945 teneo
1634 1905 1758 1960 ego,
1793 1893 1843 1940 et
1890 1893 1945 1940 tu
1975 1881 2028 1940 B

344 1983 628 2054 reliquisti,
663 2002 760 2057 pro
781 1983 990 2039 meliori
1032 1981 1230 2050 habeo,
1264 1981 1384 2034 ideo
1414 1988 1466 2034 et
1495 1977 1638 2048 quod
1669 1985 1721 2030 tu
1782 1973 1950 2030 fecisti

347 2088 584 2128 errorem
640 2075 872 2137 aestimo,
933 2079 984 2126 et
1043 2071 1128 2126 cui
1187 2069 1364 2140 potius
1416 2067 1555 2137 parti
1611 2065 1950 2135 acquiescam

347 2159 562 2234 ignoro.
599 2161 966 2232 Quamobrem
1023 2166 1148 2230 peto
1177 2174 1208 2213 a
1237 2165 1288 2212 te
1320 2165 1377 2210 ut
1422 2156 1578 2224 hujus
1607 2153 1953 2207 dubitationis

331 2252 660 2324 scrupulum
691 2251 761 2307 ab
808 2250 990 2306 animo
1039 2263 1162 2302 meo
1211 2246 1468 2317 depellas,
1522 2251 1576 2297 et
1620 2249 1840 2310 uterque
1897 2241 1953 2293 in

351 2339 571 2398 alternae
599 2339 825 2395 rationis
855 2351 1047 2408 campo
1086 2337 1461 2402 discurramus,
1495 2332 1667 2387 donec
1711 2330 1776 2384 ad
1800 2330 1954 2396 hujus

349 2429 426 2484 rei
457 2429 771 2502 indaginem
829 2425 1160 2498 perveniam,
1193 2432 1246 2478 et
1298 2439 1366 2476 an
1405 2423 1608 2490 justum
1639 2421 1707 2474 sit
1754 2419 1952 2472 factum

353 2525 522 2584 tuum,
557 2535 626 2573 an
655 2517 912 2588 injustum
945 2529 1272 2586 cognoscere
1294 2511 1532 2566 valeam.

428 2634 658 2690 PB’I‘RUS.
718 2633 922 2687 Natura
977 2631 1139 2686 habet
1185 2631 1288 2684 hoc
1341 2629 1597 2693 humana,
1657 2632 1716 2678 ut
1773 2623 1954 2678 animo

357 2739 574 2795 quoque
609 2729 769 2794 pacto
821 2719 1158 2780 conturbato,
1189 2719 1244 2771 in
1275 2731 1402 2771 vero
1461 2717 1702 2784 falsoque
1750 2713 1955 2766 discer-

357 2811 536 2868 nendo
593 2809 932 2865 discretionis
986 2813 1165 2863 careat
1199 2805 1375 2861 oculo.
1431 2805 1586 2858 Nune
1639 2804 1818 2872 itaque
1856 2801 1955 2854 nisi

359 2915 577 2955 omnem
608 2915 640 2954 a
667 2907 886 2970 pectore
938 2905 1026 2951 tuo
1058 2894 1514 2967 perturbationem
1532 2891 1842 2954 (limoveris,
1904 2895 1960 2942 ut

359 3003 512 3044 more
539 2988 840 3060 sapientum
871 2994 924 3040 et
970 3001 1090 3055 quae
1111 2987 1255 3052 justa
1317 2990 1439 3036 sunt
1479 2980 1870 3043 collaudemus,
1905 2985 1958 3030 et

363 3093 484 3148 qua:
541 3076 736 3146 injuste
791 3075 906 3128 sine
979 3071 1320 3127 contentione
1401 3069 1728 3140 rejiciamus,
1779 3073 1958 3120 nostro

361 3165 511 3236 Operi
539 3163 702 3222 ﬁnem
735 3164 1037 3220 nullatenus
1083 3159 1385 3232 imposituri
1435 3159 1488 3212 in
1519 3173 1745 3213 vacuum
1792 3154 1961 3209 verba

357 3253 700 3324 jactabimus.

434 3373 672 3428 Morsns.
706 3367 1011 3423 Pactionem
1042 3367 1199 3421 istam
1255 3363 1430 3419 libens
1457 3360 1710 3432 suscipio,
1744 3366 1797 3412 et
1825 3364 1882 3416 ut
1913 3364 1966 3412 tu

365 3459 611 3516 eamdem
637 3458 694 3529 in
725 3465 774 3512 te
801 3457 1062 3527 susciptas
1087 3470 1242 3526 rogo.

439 3577 672 3631 Parens.
704 3574 824 3646 Ego
845 3579 988 3627 certe
1013 3571 1166 3626 la3lus
1185 3567 1482 3624 consentio.

438 3691 676 3746 Mersus.
722 3689 838 3742 Hoc
875 3687 1037 3743 etiam
1085 3685 1130 3739 si
1177 3684 1358 3753 placet
1414 3681 1672 3750 imploro.
1728 3677 1888 3748 Quod
1923 3676 1971 3729 si

369 3779 606 3850 aliquam
651 3777 720 3832 de
749 3775 1035 3846 Scripturis
1067 3773 1437 3830 auctoritatem
1498 3769 1754 3834 attuleris,
1785 3783 1973 3821 secun-

371 3867 500 3922 dum
521 3867 798 3924 veritatem
823 3863 1145 3918 Hebraicam
1187 3863 1287 3916 hoc
1319 3861 1495 3914 facere
1525 3857 1676 3914 velis.
1738 3853 1896 3923 Quod
1927 3853 1972 3908 si

372 3958 526 4013 aliter
554 3955 736 4024 facias,
770 3970 862 4009 me
888 3969 997 4008 non
1047 3958 1383 4021 recepturum
1415 3964 1531 4002 esse
1563 3961 1844 4017 agnoscas.
1866 3941 1974 3998 Sed

373 4053 426 4100 et
453 4045 496 4100 si
553 4061 658 4116 ego
687 4043 948 4112 aliquam,
973 4042 1126 4110 juxta
1157 4037 1301 4108 quod
1321 4037 1464 4106 apud
1493 4051 1590 4090 nos
1622 4043 1718 4100 est,
1743 4032 1838 4086 tibi
1870 4031 1975 4086 ad-

373 4136 589 4200 ducam,
620 4141 674 4187 et
700 4140 758 4187 ut
786 4146 907 4186 eam
940 4130 1063 4184 volo
1093 4127 1341 4196 recipias,
1370 4133 1424 4180 et
1451 4123 1595 4195 quod
1611 4139 1798 4180 verum
1815 4136 1979 4192 agno-

373 4223 534 4290 veris,
567 4221 870 4278 nullatenus
899 4217 1261 4274 eontradicas.

447 4339 681 4393 Parens.
715 4335 785 4390 Et
814 4337 919 4389 hoc
956 4349 1059 4405 ego
1089 4339 1229 4388 certe
1262 4347 1370 4384 non
1399 4329 1729 4399 abnego,tuo
1746 4339 1977 4393 namque

377 4427 544 4500 ipsius
572 4424 756 4497 gladio
787 4423 1032 4478 occidere
1064 4429 1114 4476 te
1143 4421 1372 4474 multum
1404 4416 1584 4488 cupio.

451 4551 690 4605 Marses.
739 4549 998 4602 Praeterea
1052 4546 1094 4599 si
1153 4544 1242 4613 qui
1292 4540 1620 4596 interciderit
1663 4536 1974 4607 aliquando,

381 4639 525 4711 quod
555 4656 586 4694 a
617 4639 799 4710 legum
852 4636 1086 4690 alienum
1137 4633 1384 4688 videatur
1413 4629 1710 4702 preposito,
1762 4643 1872 4680 non
1927 4633 1978 4679 te

381 4729 566 4802 pigeat
591 4741 794 4798 quaeso,
823 4723 919 4779 sed
939 4723 1005 4776 de
1036 4721 1246 4776 czeteris
1277 4719 1481 4774 artibus
1498 4733 1618 4772 cum
1651 4721 1984 4784 opportunus

382 4817 613 4890 exigerit
639 4816 807 4880 locus,
843 4809 1193 4882 interroganti
1227 4807 1554 4879 respondere
1581 4805 1810 4870 studeto,
1848 4819 1982 4856 con-

381 4907 650 4977 cedasque
701 4904 827 4958 volo
897 4908 952 4956 ut
1007 4907 1190 4954 mutua
1259 4898 1466 4952 ratione
1504 4895 1636 4948 mihi
1695 4890 1984 4961 aliquando

382 4996 732 5067 interrogare,
757 4988 1046 5060 aliquando
1099 4987 1256 5040 liceat
1308 4983 1654 5056 respondere,
1697 4978 1984 5052 aliquando

383 5085 547 5141 etiam
576 5079 870 5146 adversari,
905 5083 1061 5150 prout
1089 5091 1266 5130 sermo
1296 5072 1503 5128 dederit
1533 5069 1683 5124 mihi.

457 5200 691 5256 Ριῑτιιυε.
721 5193 995 5259 Concedo,
1025 5191 1145 5246 Jam
1180 5190 1510 5259 interrogare
1546 5184 1637 5239 tibi
1685 5183 1862 5248 liceat,
1919 5180 1991 5235 de

388 5303 704 5359 quacunque
730 5301 787 5340 re
807 5283 890 5341 vis
917 5296 1126 5353 sapere,
1159 5285 1212 5334 et
1240 5277 1430 5348 quavis
1458 5274 1770 5330 intentione.

457 5405 696 5466 Marses.
728 5397 994 5456 Concedis
1041 5403 1097 5450 tu
1128 5395 1342 5463 Moysen
1363 5390 1532 5444 ﬁlium
1563 5392 1782 5444 Amram
1807 5401 1990 5442 verum

389 5494 707 5562 prophetam
762 5485 1038 5543 Israelitici
1068 5483 1276 5554 populi,
1308 5488 1362 5535 et
1387 5496 1513 5534 vere
1543 5494 1575 5533 a
1600 5479 1711 5532 Deo
1767 5476 1990 5530 missum

394 5577 557 5633 fuisse
575 5577 779 5648 (Exod.
829 5576 934 5644 in),
957 5580 1011 5628 et
1065 5569 1328 5641 quidquid
1359 5583 1425 5623 ex
1476 5567 1572 5621 Dei
1594 5566 1814 5622 nomine
1870 5578 1995 5632 pro-

395 5664 696 5733 phetaverit
721 5662 952 5716 ﬁdeliter
977 5659 1284 5715 enuntiasse
1312 5665 1364 5713 et
1393 5657 1591 5710 dixisse
1619 5655 1648 5710 Ἰ

466 5788 698 5841 Penus.
729 5783 982 5840 Concedo
1001 5783 1203 5852 utique.

471 5909 709 5967 Mersus.
743 5905 1010 5964 Concedis
1036 5919 1251 5977 quoque
1277 5918 1466 5958 omnes
1500 5909 1624 5974 post
1648 5903 1868 5972 Moysen
1879 5913 2001 5972 pro-

2048 609 2228 679 aliquo
2250 608 2625 680 redarguenda
2653 607 2682 660 ‘2

2121 711 2352 766 Parens.
2378 711 2446 765 Et
2477 712 2580 764 hoc
2609 709 2769 763 etiam
2801 705 3058 763 concedo.

2121 819 2355 872 Morsss.
2395 817 2508 872 Nec
2539 833 2706 888 negas
2745 815 2943 885 legem,
2976 828 3134 882 quam
3166 811 3221 865 in
3268 808 3518 880 praesenti
3569 807 3662 862 Ju.

2049 907 2153 962 dmi
2189 913 2386 968 tenent,
2417 913 2470 960 et
2497 921 2529 959 a
2560 906 2740 974 Moyse
2773 903 3026 971 scriptam
3047 906 3371 965 asseverant,
3397 897 3654 952 eamdem

2049 1013 2146 1068 per
2175 995 2377 1062 omnia,
2412 995 2545 1048 sicut
2575 995 2784 1064 Moyses
2813 1007 2933 1045 eam
2965 989 3196 1060 scripsit,
3230 1001 3568 1058 permanere.

2123 1115 2363 1166 Pltrnus.
2421 1109 2729 1178 Quomodo,
2763 1123 2966 1176 quaeso,
2998 1120 3196 1177 negare
3221 1099 3650 1174 potero,prteci-

2050 1219 2154 1274 pue
2184 1217 2304 1256 cum
2355 1199 2545 1254 eadem
2593 1199 2680 1251 lex
2701 1195 2904 1251 eisdem
2951 1193 3120 1264 Moysi
3175 1191 3372 1255 verbis,
3401 1189 3652 1244 anostris

2051 1292 2202 1359 olim,
2255 1289 2451 1359 quibus
2505 1286 2668 1341 ﬁdem
2723 1285 3062 1351 adhibemus,
3117 1279 3424 1336 doctoribus
3479 1284 3653 1332 trans-

2051 1381 2179 1444 lata,
2203 1385 2254 1433 et
2283 1377 2426 1446 apud
2459 1391 2558 1430 nos
2602 1375 2801 1444 scripta
2851 1371 3132 1435 habeatur,
3193 1375 3386 1440 praeter
3429 1382 3481 1420 in
3529 1365 3652 1434 qui-

2053 1465 2451 1530 husdamlocis,
2491 1463 2582 1518 ubi
2614 1464 2736 1517 licet
2773 1467 3044 1516 mutentur
3090 1457 3272 1525 verba,
3330 1453 3518 1510 eadem
3564 1458 3650 1506 est

2057 1565 2237 1612 tamen
2265 1553 2528 1608 sententia
2556 1554 2584 1604 ‘!

2127 1664 2367 1717 Morsns.
2403 1658 2689 1728 Quomodo
2726 1657 2889 1728 igitur
2919 1663 2966 1709 te
2995 1653 3154 1708 video
3181 1667 3302 1707 eam
3349 1665 3462 1705 esse
3481 1653 3650 1702 trans-

2055 1767 2319 1824 gressum,
2353 1757 2405 1804 et
2433 1749 2502 1804 ab
2533 1748 2698 1818 ipsius
2725 1745 2928 1799 semitis
2955 1742 3173 1796 devium
3201 1742 3228 1793 ‘l

2133 1867 2372 1922 Ps'rnvs.
2406 1865 2524 1919 Non
2565 1869 2642 1916 est
2671 1861 2763 1927 ita,
2823 1859 2916 1914 sed
2939 1874 3079 1912 nunc
3123 1855 3444 1924 completam
3501 1850 3645 1921 ejus,

2054 1965 2216 2027 prout
2269 1955 2464 2020 debeo,
2525 1950 2686 2005 ﬁdem
2744 1963 3024 2014 conservo,
3085 1953 3136 2000 et
3177 1959 3272 2016 per
3323 1940 3647 1997 rectissimas

2055 2041 2174 2110 ejus
2201 2039 2418 2094 semitas
2445 2045 2590 2091 recto
2619 2051 2805 2106 gressu
2833 2031 3087 2102 procedo.

2127 2159 2378 2211 Movsas.
2421 2153 2501 2207 Ex
2523 2151 2704 2207 verbis
2737 2149 2837 2204 tuis
2888 2149 3042 2202 datur
3071 2143 3318 2216 intelligi,
3341 2158 3408 2198 ex
3429 2137 3562 2212 legis
3592 2145 3651 2193 et

2056 2249 2439 2316 prophetarum
2475 2241 2658 2297 verbis
2715 2247 2763 2293 te
2817 2245 3018 2292 rectum
3075 2249 3288 2289 sensum
3342 2229 3644 2298 concipere,

2057 2335 2270 2389 Iudaeos
2291 2341 2488 2397 autem,
2525 2329 2767 2400 ejusdem
2798 2326 2936 2399 legis
2963 2325 3207 2387 cultores,
3234 2319 3304 2376 ab
3335 2320 3446 2388 ejus
3498 2324 3650 2372 recta

2061 2423 2352 2478 intentione
2385 2421 2588 2474 alienos
2617 2418 2844 2472 existere
2877 2429 2891 2482 ;
2925 2413 3064 2468 unde
3087 2420 3139 2466 et
3168 2418 3266 2466 tuo
3279 2407 3477 2479 judicio
3506 2405 3650 2459 male

2058 2513 2307 2568 videntur
2327 2509 2648 2580 intelligere.

2132 2621 2370 2674 Pnrnus.
2405 2619 2546 2670 Bene
2575 2613 2862 2672 verborum
2920 2623 3162 2664 meorum
3213 2619 3425 2661 sensum
3479 2619 3652 2674 pene-

2063 2709 2227 2765 trasti.

2133 2811 2378 2866 Morsns.
2415 2809 2519 2862 Fac
2574 2805 2738 2877 igitur
2763 2819 2850 2858 me
2905 2814 3230 2872 cognoscere
3286 2797 3340 2852 in
3394 2811 3498 2867 quo
3554 2794 3653 2849 tibi

2063 2902 2274 2956 videtur
2330 2897 2544 2952 Judaeos
2598 2909 2800 2948 errasse
2871 2890 2926 2944 in
2974 2889 3109 2960 legis
3159 2887 3551 2958 explanatione,
3603 2891 3654 2938 te

2064 3005 2192 3045 vero
2223 2987 2416 3042 melius
2445 2985 2762 3054 intelligere.

2135 3079 2373 3132 Pnrnus.
2406 3071 2693 3143 Quomodo
2738 3069 2894 3126 video
2924 3083 3018 3123 eos
3071 3066 3242 3121 solam
3291 3064 3427 3136 legis
3471 3076 3659 3133 super-

2069 3168 2245 3223 ficiem
2273 3163 2568 3228 attendere,
2599 3168 2654 3215 et
2697 3159 2927 3214 litteram
2981 3170 3088 3210 non
3143 3151 3501 3224 spiritualiter,
3557 3147 3660 3204 sed

1990 3237 2041 3301 C
2073 3255 2356 3312 carnaliter
2407 3266 2696 3323 exponere,
2771 3246 2912 3301 unde
2963 3243 3201 3298 maxime
3275 3239 3482 3312 decepti
3536 3244 3662 3292 sunt

2072 3361 2270 3400 errore.

2145 3447 2391 3502 Morsss.
2425 3441 2566 3510 Quid
2596 3438 2680 3493 his
2705 3437 2886 3491 verbis
2931 3431 3201 3506 signiﬁces
3229 3447 3338 3486 non
3391 3427 3516 3485 satis
3543 3443 3664 3500 per-

2077 3535 2274 3608 pendo,
2297 3533 2437 3588 unde
2469 3539 2526 3584 ut
2553 3527 2786 3600 apertius
2816 3524 3052 3594 loquaris
3080 3537 3264 3576 exoro.

2152 3662 2385 3714 Parens.
2424 3657 2548 3710 Non
2601 3649 2960 3706 reminisceris
3013 3647 3290 3702 doctorum
3347 3649 3662 3708 vestrorum,

2080 3751 2169 3820 qui
2201 3755 2431 3802 vestram
2479 3741 2798 3806 doctrinam,
2835 3739 2918 3794 cui
2954 3737 3041 3791 lex
3098 3743 3272 3790 vestra
3303 3740 3428 3800 tota,
3481 3747 3668 3786 secun-

2080 3839 2207 3892 dum
2237 3852 2354 3903 vos,
2405 3832 2678 3896 annititur,
2741 3828 3086 3896 scripserunt,
3149 3822 3418 3894 quomodo
3463 3836 3666 3875 asseve-

2080 3935 2199 3983 rant
2229 3925 2399 3981 Deum
2416 3938 2609 3995 corpus
2637 3926 2690 3974 et
2733 3917 2963 3974 formam
2985 3913 3205 3980 habere,
3266 3919 3319 3965 et
3346 3911 3459 3978 ejus
3485 3907 3668 3963 ineﬁ'a-

2082 4017 2177 4072 bili
2209 4012 2473 4083 majestati
2508 4010 2632 4064 talia
2670 4007 2942 4078 applicant
2997 4018 3118 4073 quae
3147 4017 3243 4056 nec
3294 4000 3402 4054 ulla
3429 4005 3668 4054 constant

2083 4113 2288 4160 ratione
2318 4103 2346 4154 εὶ
2377 4099 2519 4169 Quin
2547 4105 2599 4152 et
2653 4097 2722 4151 de
2759 4111 2823 4150 eo
2871 4093 3000 4148 tales
3054 4091 3320 4162 protulere
3366 4085 3665 4153 sententias,

2085 4209 2206 4265 quae
2255 4207 2361 4246 non
2410 4187 2555 4243 aliud
2615 4185 2716 4239 nisi
2762 4183 2930 4239 verba
2987 4181 3232 4236 videntur
3279 4175 3569 4245 jocantium
3615 4175 3670 4228 in

2085 4263 2280 4337 scholis
2309 4292 2612 4351 puerorum,
2646 4273 2730 4329 vel
2760 4271 2998 4327 nentium
3052 4269 3107 4322 in
3157 4266 3344 4339 plateis
3372 4263 3666 4318 mulierum.

2087 4375 2242 4434 Item,
2278 4367 2568 4423 secundum
2599 4371 2762 4418 vestri
2793 4360 3090 4415 intellectus
3119 4355 3467 4427 capacitatem
3498 4353 3670 4424 legem

2089 4461 2456 4531 explanantes,
2507 4470 2604 4510 vos
2651 4450 3011 4522 captivitatem
3060 4445 3283 4515 speratis
3310 4455 3559 4498 evasuros
3611 4453 3672 4493 eo

2089 4529 2252 4604 modo
2282 4561 2388 4615 quo
2417 4543 2532 4598 ﬁeri
2577 4541 2779 4610 nequit.
2813 4539 2947 4592 item
2973 4537 3026 4590 in
3057 4532 3377 4603 captivitatis
3430 4529 3675 4585 evasione

2087 4637 2312 4709 speratis
2365 4649 2465 4688 vos
2507 4631 2646 4687 adeo
2701 4627 3007 4682 inusitatum
3065 4623 3178 4677 ﬁeri
3231 4619 3563 4684 miraculum,
3621 4623 3676 4670 ut

2089 4734 2296 4782 vestros
2324 4722 2542 4776 suscitet
2593 4725 2852 4780 mortuos,
2885 4712 2973 4783 qui
3034 4720 3198 4766 terras
3225 4709 3398 4763 denuo
3427 4714 3481 4761 ut
3537 4704 3674 4776 prius

2091 4813 2352 4884 incipiant
2380 4808 2699 4864 inhabitare.
2736 4806 2867 4859 [lem
2887 4817 2986 4856 vos
3014 4801 3068 4854 in
3098 4797 3402 4870 captivitate
3443 4794 3672 4848 existen-

2093 4881 2294 4967 tes,—de
2339 4898 2588 4954 omnibus
2645 4894 2780 4966 legis
2834 4889 3136 4960 praeceptis,
3177 4886 3337 4940 etiam
3390 4881 3670 4938 secundum

2094 4999 2326 5050 vestram
2384 4985 2840 5056 explanationem,
2893 4979 3024 5034 nihil
3068 4976 3168 5031 nisi
3225 4975 3506 5030 minimum
3551 4969 3672 5040 quid

2095 5087 2352 5135 contueor
2377 5091 2558 5148 agere.
2593 5072 2830 5141 ldipsum
2861 5076 3038 5123 autem
3070 5064 3213 5135 quod
3241 5062 3400 5135 agitis
3418 5061 3530 5116 Deo
3558 5059 3672 5128 pla-

2096 5186 2236 5236 cere,
2269 5174 2324 5222 et
2351 5147 2681 5234 acceptabile
2711 5157 2944 5224 creditis,
2977 5156 3046 5210 de
3075 5169 3139 5209 eo
3185 5151 3330 5222 quod
3374 5147 3676 5220 praetermit-

2099 5259 2226 5325 titis,
2283 5272 2406 5310 eum
2465 5266 2805 5321 nequaquam
2855 5261 2951 5300 vos
3014 5244 3348 5312 culpaturum
3401 5236 3674 5301 conﬁditis,

2099 5346 2386 5414 omniaque
2409 5341 2710 5410 complesse
2751 5335 2907 5390 vobis
2935 5331 3211 5397 videmini,
3247 5327 3391 5400 quod
3418 5325 3679 5382 evidenter

2101 5435 2307 5492 obtinet
2359 5431 2657 5486 maximum
2705 5427 2883 5480 locum
2940 5421 3154 5477 erroris.
3213 5419 3351 5472 Sunt
3405 5415 3546 5470 enim
3595 5412 3680 5468 alii

2101 5524 2380 5596 perplures
2429 5534 2654 5584 errores,
2739 5515 2794 5569 in
2848 5529 2983 5584 quos
3037 5526 3136 5567 vos
3178 5507 3517 5577 conjecerunt
3583 5517 3682 5558 non

2101 5630 2247 5669 sane:
2267 5611 2404 5684 legis
2421 5605 2846 5678 explanationes.

2175 5721 2411 5775 Movsns.
2462 5713 2635 5770 Nimis
2696 5707 2966 5781 profunde
3036 5705 3093 5760 in
3163 5709 3394 5757 nostram
3429 5697 3683 5754 inveheris

2111 5809 2413 5871 infamiam,
2472 5813 2524 5859 et
2570 5803 2654 5860 vis
2697 5799 3007 5872 opprimere
3041 5800 3258 5866 gentem
3297 5790 3591 5846 Judaieam.
3625 5787 3682 5842 Et

2110 5897 2279 5957 verba
2331 5895 2551 5969 quidem
2606 5899 2730 5948 sunt
2783 5902 2957 5961 pauca
3012 5891 3068 5940 et
3103 5883 3262 5951 levia,
3315 5879 3407 5936 sed
3439 5884 3520 5934 est
3544 5876 3597 5930 in
3610 5875 3681 5930 eis
