3882 6422
234 413 331 466 541

1672 405 1956 464 DIALOGI
1973 448 1986 460 .

3433 413 3539 467 διε

232 534 400 590 multa
430 542 482 590 et
511 535 698 605 gravis
726 533 1013 590 sententia.
1046 533 1113 587 Et
1141 530 1191 586 si
1222 530 1323 586 sub
1353 546 1461 586 uno
1513 538 1680 586 totam
1726 549 1826 586 vc-
1854 532 1910 593 Α
1940 530 2010 585 ita
2040 538 2226 601 postea
2253 530 2474 601 factum,
2507 531 2634 588 licet
2664 533 2949 606 Scriptura
2980 540 3211 601 tacente,
3263 549 3373 590 non
3425 535 3534 591 du-

232 624 395 679 limus
442 625 777 680 concludere
817 625 1082 678 rationem
1127 620 1354 688 judicio,
1403 621 1680 692 multaque
1728 621 1829 675 sub

233 730 342 769 uno
371 713 834 783 comprehendere
887 712 1064 775 titulo,
1105 725 1226 764 cum
1277 709 1494 780 singula
1551 710 1832 764 elucidare

232 803 554 868 debeamus,
589 803 844 856 omnibus
874 801 1172 854 indiscrete
1203 798 1524 862 commistis,
1573 799 1830 854 obscuri-

235 903 400 954 tatem
433 899 732 953 inferimus.
764 898 919 954 Unde
951 899 994 950 si
1028 897 1226 950 bonum
1261 895 1354 948 tibi
1385 896 1616 962 videtur,
1643 896 1831 968 singu-

231 988 298 1042 lis
331 988 559 1042 rationis
612 987 898 1041 sententiis
947 985 1197 1052 singulos
1245 984 1580 1038 ascribamus
1622 985 1828 1051 titulos,

231 1085 308 1144 ut,
340 1091 670 1146 unoquoque
700 1075 910 1129 alterna
941 1073 1212 1127 sermonis
1247 1073 1453 1127 ratione
1467 1073 1741 1138 discusso,
1761 1088 1826 1137 ad

231 1164 400 1219 alium
431 1164 721 1218 ordinatim
780 1163 1131 1229 accedamus,
1189 1169 1246 1214 ut
1305 1161 1384 1216 sic
1438 1161 1592 1231 Operi
1648 1170 1832 1216 nostro

231 1267 536 1322 congruum
568 1251 858 1306 terminum
887 1250 1260 1320 imponamus.

302 1342 546 1395 Paraus.
580 1339 734 1408 Quod
767 1355 799 1394 a
832 1347 882 1394 te
917 1340 1055 1393 bene
1084 1339 1282 1393 dictum
1313 1345 1396 1394 est
1425 1337 1745 1408 perficiatur,
1779 1347 1831 1393 et

235 1428 378 1499 quod
409 1429 572 1498 digne
591 1428 830 1483 consulis
848 1427 1203 1497 compleatur.
1231 1426 1472 1497 Singulis
1494 1427 1675 1498 itaque
1697 1443 1829 1481 sen-

232 1517 414 1571 tentiis
447 1516 614 1571 titulis
644 1517 758 1571 suis
788 1516 1071 1586 appositis,
1119 1517 1186 1570 de
1232 1531 1339 1585 quo
1388 1517 1539 1586 prius
1592 1516 1829 1571 volueris

232 1621 440 1676 quare,
477 1605 731 1677 quoniam
759 1613 984 1676 paratus
1014 1621 1132 1657 sum
1163 1604 1525 1674 respondere.

729 1782 1020 1836 TITULUS
1047 1781 1326 1836 PRIMUS.

1945 629 2199 696 bitemus,
2234 646 2497 700 nusquam
2531 639 2709 684 tamen
2741 631 2825 685 lex
2856 631 3100 686 meminit
3130 631 3274 703 quod
3321 634 3536 703 Moyses

1941 718 1994 771 in
2025 721 2142 787 ejus
2172 719 2563 788 posterioribus
2593 719 2796 791 aliquid
2830 720 3045 774 viderit.
3082 719 3326 787 Qualiter
3367 721 3540 794 igitur

1942 824 2064 862 eum
2097 808 2345 878 corrigiae
2375 808 2595 872 nodum,
2631 810 2775 879 quod
2811 809 2926 863 sine
2958 809 3070 863 risu
3102 809 3186 863 vix
3219 810 3325 865 dici
3361 818 3540 880 potest

1943 907 2150 961 vidisse
2180 907 2574 976 dicitis‘Htem,
2609 925 2732 963 cum
2756 924 2853 977 per
2883 908 3193 978 posteriora
3221 924 3328 963 non
3360 909 3538 963 solum

1940 995 2150 1058 cervix,
2186 996 2282 1049 sed
2314 997 2474 1050 etiam
2505 997 2757 1068 quaelibet
2788 996 3028 1066 corporis
3058 1012 3188 1066 pars
3209 998 3538 1053 convenien-

1942 1086 2046 1138 tius
2076 1084 2305 1158 intelligi
2339 1086 2528 1155 possit,
2562 1087 2664 1140 hoc
2696 1085 2839 1156 quod
2872 1099 2967 1140 vos
2998 1085 3270 1140 cervicem
3291 1102 3417 1140 eum
3448 1087 3535 1141 vi-

1941 1182 2088 1236 disse
2119 1183 2384 1250 asseritis,
2419 1199 2525 1238 non
2548 1183 2754 1239 ratione
2784 1183 2870 1240 vel
2903 1182 3041 1256 legis
3070 1183 3410 1251 auctoritate,
3437 1185 3536 1241 sed

1942 1270 2060 1326 sola
2091 1271 2336 1342 probatis
2368 1272 2666 1329 voluntate.

2012 1380 2255 1432 Movsas.
2288 1379 2474 1434 Nostri
2508 1379 2760 1436 doctores
2789 1397 2886 1452 per
2923 1380 3228 1454 posteriora
3258 1379 3532 1436 cervicem

1939 1476 2144 1530 debere
2175 1475 2403 1546 intelligi
2434 1477 2646 1532 dicunt.

2010 1583 2253 1637 Penus.
2290 1583 2598 1639 Secundum
2650 1593 2850 1640 vestra:
2901 1585 3078 1641 stultae
3130 1583 3534 1656 explanationis

1938 1681 2158 1746 seriem,
2194 1699 2312 1753 quae
2343 1692 2394 1736 et
2416 1684 2705 1754 Scriptura:
2725 1693 2778 1739 et
2812 1683 3329 1752 rationisjuvamine
3358 1690 3529 1749 caret,

1935 1770 2193 1842 progredi
2227 1771 2381 1825 libet.
2423 1773 2561 1826 Nam
2594 1781 2650 1826 ut
2685 1774 2856 1828 Deum
2906 1773 3193 1838 cervicem,
3245 1772 3389 1843 quod
3439 1787 3531 1825 sa-

235 1906 496 1962 θείεηάἰί
516 1905 657 1977 quod
676 1905 857 1960 Judaei
891 1906 1049 1959 verba
1078 1905 1482 1974 proli/actarum
1506 1905 1826 1960 carnaliter
1854 1895 1906 1954 Β
2393 1862 2656 1977 -Ῠξδθιίίξξν-
2700 1870 2755 1977 εξ
2809 1860 3528 1977 θεὲηὶῗδδὲτθᾷῗὲῐῗῗῗάῗῗν

489 2004 850 2073 intelligunt,
900 2006 955 2056 et
984 2019 1047 2056 ea
1079 2003 1227 2072 falso
1259 2006 1579 2073 exponunt.

305 2127 559 2183 Morses.
607 2127 849 2180 Primum
910 2126 988 2180 sic
1043 2125 1390 2180 instituamus
1451 2125 1680 2191 titulum,
1741 2127 1831 2196 qui

240 2217 517 2270 contineat
549 2216 808 2280 rationes,
836 2216 1031 2285 quibus
1056 2215 1107 2267 in
1131 2231 1231 2267 nos
1260 2226 1312 2267 et
1337 2216 1388 2266 in
1427 2223 1643 2268 nostros
1675 2215 1830 2268 inve-

237 2303 387 2357 heris
418 2304 692 2369 doctores,
719 2305 862 2373 quod
885 2304 997 2356 Deo
1020 2303 1227 2356 sciliret
1250 2319 1448 2372 corpus
1493 2312 1541 2356 et
1592 2304 1828 2357 formam

228 2391 574 2458 ascrihimus,
609 2399 659 2446 et
689 2392 806 2460 ejus
873 2401 1074 2446 natura:
1121 2391 1244 2444 talia
1301 2392 1645 2456 adnotamus,
1708 2409 1829 2463 qua}

229 2481 453 2534 rationis
483 2481 684 2535 veritas
706 2482 988 2535 abhorret.
1032 2481 1182 2534 Hanc
1213 2481 1378 2550 igitur
1399 2496 1510 2534 rem
1534 2481 1828 2552 diligenter

231 2568 606 2636 discutiamus,
640 2570 817 2624 donec
861 2570 926 2622 ad
977 2570 1093 2637 ejus
1141 2569 1450 2639 indaginem
1510 2571 1716 2624 ratione
1775 2577 1824 2625 et

229 2667 558 2728 argumento
589 2658 995 2728 perveniamus.

300 2757 550 2810 PETRUS.
591 2757 799 2811 Dictum
831 2755 1103 2811 collaudo.

299 2845 548 2900 Mersus.
575 2844 633 2898 In
658 2845 842 2915 primis
871 2845 1054 2916 itaque
1085 2845 1215 2898 mihi
1249 2847 1378 2902 volo
1409 2846 1686 2910 ostendas,
1729 2845 1821 2898 ubi

227 2933 484 2988 doctores
513 2935 685 2989 nostri
746 2935 918 2988 Deum
977 2951 1172 3004 corpus
1226 2943 1276 2989 et
1333 2936 1560 2990 formam
1621 2935 1820 2989 habere

225 3021 496 3090 dixerunt,
532 3031 584 3077 et
615 3023 884 3093 quomodo
915 3039 1082 3092 super
1105 3023 1204 3077 hac
1237 3040 1293 3077 re
1326 3023 1485 3078 locuti
1510 3023 1744 3077 fuerunt.

298 3120 534 3175 Pramus.
569 3120 624 3174 Si
653 3135 826 3174 nosse
846 3120 996 3190 cupis
1019 3120 1109 3173 ubi
1132 3121 1390 3190 scriptum
1423 3121 1507 3187 sit,
1543 3121 1596 3174 in
1645 3120 1818 3190 prima

223 3217 376 3278 parte
403 3217 596 3263 vestrae
617 3208 896 3273 doctrinae,
955 3208 1108 3276 cujus
1156 3209 1476 3263 vocabulum
1527 3218 1607 3263 est
1656 3210 1815 3264 bene-
1843 3247 1893 3310 Ο

222 3296 508 3352 dictiones.
538 3297 594 3352 Si
621 3297 787 3367 igitur
817 3298 895 3351 vis
914 3297 1055 3351 scire
1079 3298 1350 3368 quomodo
1369 3299 1624 3352 dixerunt
1643 3299 1814 3352 Deum

222 3384 428 3440 habere
458 3394 620 3455 caput
650 3395 698 3438 et
732 3385 972 3450 brachia,
1007 3393 1059 3439 et
1095 3386 1147 3438 in
1181 3387 1403 3440 caesarie
1434 3386 1670 3456 pixidem
1719 3403 1816 3459 ge-

221 3482 369 3528 stare
400 3473 624 3547 ligatam
654 3473 908 3544 corrigia,
939 3473 1220 3545 ipsiusque
1249 3475 1505 3547 corrigiae
1534 3476 1735 3530 nodum
1781 3489 1814 3530 a

218 3579 440 3641 postera
472 3571 666 3641 capitis
697 3579 852 3641 parte
885 3571 986 3625 sub
1036 3571 1266 3626 cerebro
1318 3570 1612 3638 ﬁrmatum,
1671 3573 1814 3628 intra

220 3658 458 3728 pixidem
488 3675 620 3714 vero
651 3667 882 3729 quatuor
913 3675 1033 3712 esse
1066 3659 1324 3723 cartulas,
1355 3661 1667 3715 Juda'orum
1702 3663 1811 3716 lau-

218 3748 317 3801 des
347 3749 709 3812 continentes,
744 3748 796 3800 in
835 3763 1047 3801 summo
1105 3756 1286 3801 autem
1343 3749 1544 3803 sinistri
1602 3752 1810 3804 brachii

215 3845 464 3908 gestares
489 3836 649 3890 aliam
669 3836 926 3906 pixidem,
943 3837 1104 3889 simili
1129 3837 1292 3891 modo
1309 3839 1542 3909 corrigia
1565 3839 1807 3911 ligatam,

215 3929 570 3996 chartamque
601 3925 674 3978 ibi
705 3941 827 3979 esse
857 3926 1219 3979 continentem
1251 3941 1442 3980 omnes
1474 3927 1660 3981 laudes
1691 3947 1810 3998 quae

213 4015 268 4070 in
300 4013 576 4085 praedictis
598 4022 826 4084 quatuor
855 4013 1069 4083 scriptae
1100 4013 1376 4068 dicuntur.
1407 4015 1672 4070 Concedis
1695 4018 1811 4073 haec

215 4105 397 4159 omnia
427 4103 482 4157 in
513 4118 577 4158 eo
608 4119 767 4174 quem
800 4103 910 4156 dixi
941 4103 1063 4157 loco
1106 4103 1208 4157 hoc
1250 4103 1415 4158 modo
1467 4105 1666 4176 scripta
1709 4107 1797 4159 ha-

214 4193 334 4247 beri
362 4194 390 4245 ?

281 4296 530 4348 Movsas.
568 4294 782 4362 Negare
814 4293 956 4364 quod
987 4301 1066 4347 est
1099 4293 1323 4348 evidens
1353 4310 1595 4363 nequeo.

287 4383 534 4437 Parens.
576 4381 750 4450 Quam
783 4397 948 4452 super
979 4382 1078 4437 hac
1112 4398 1188 4447 re,
1222 4399 1426 4454 quaeso,
1475 4384 1676 4440 habent
1715 4401 1809 4440 au-

215 4472 522 4526 ctoritatem
555 4473 582 4524 ‘2

285 4561 536 4613 Movsas.
578 4560 656 4614 De
687 4557 871 4628 pixide
903 4575 1060 4627 quam
1091 4567 1269 4630 gestat
1299 4559 1351 4612 in
1381 4561 1629 4626 caesarie,
1664 4563 1806 4619 etde

213 4647 360 4702 nodo
389 4647 663 4718 corrigim,
710 4647 1085 4701 auctoritatem
1135 4648 1235 4700 sibi
1280 4650 1574 4713 attrahunt,
1622 4651 1691 4704 ab
1740 4667 1805 4706 eo

212 4735 334 4790 loco
364 4736 453 4789 ubi
484 4735 748 4790 Dominus
775 4735 846 4788 ait
875 4735 943 4788 ad
967 4737 1186 4803 Moysen
1212 4755 1223 4789 :
1256 4736 1464 4792 Videbis
1494 4742 1808 4809 posteriora

216 4841 363 4890 mea,
388 4827 564 4894 facies
577 4825 731 4878 enim
752 4839 875 4878 mea
898 4842 1009 4878 non
1036 4825 1312 4879 videbitur
1339 4827 1536 4893 (Exod.
1571 4835 1797 4897 xxxiii).

215 4914 365 4968 Tunc
396 4913 540 4968 enim
573 4913 790 4980 Moyses
821 4913 1020 4966 nodum
1070 4914 1318 4985 corrigize
1367 4915 1524 4969 vidit.
1591 4918 1805 4970 Nodum

213 5011 394 5056 autem
427 5003 602 5072 ipsum
634 5001 864 5069 alicujus
895 5002 1097 5070 pixidis
1129 5019 1250 5056 essa
1283 5005 1650 5058 necessarium
1702 5014 1804 5062 est.

212 5091 293 5143 De.
325 5105 390 5144 ea
420 5099 598 5144 autem
630 5105 793 5159 quam
825 5097 1000 5159 gestat
1029 5090 1081 5142 in
1131 5091 1355 5145 brachio
1404 5093 1801 5159 auctoritatem,

213 5186 484 5258 profertur
522 5187 592 5241 ab
651 5188 784 5240 Isaia
841 5186 1100 5240 dicente:
1160 5190 1382 5244 Iuravit
1429 5191 1696 5245 Dominus
1741 5193 1805 5246 in

213 5276 422 5332 dextra
443 5294 566 5342 sua,
601 5281 654 5331 et
678 5278 738 5331 in
762 5276 985 5331 brachio
1002 5278 1364 5344 fortitudinis
1381 5281 1801 5348 suaa(lsa.i.xu).

217 5365 317 5419 Per
348 5365 628 5420 brachium
661 5365 805 5418 enim
861 5363 1186 5418 fortitudinis
1233 5366 1348 5418 vult
1375 5357 1617 5439 :intelligi
1665 5369 1802 5423 sini-

213 5461 399 5518 stram,
431 5454 482 5506 in
515 5469 618 5524 qua
649 5453 740 5507 illa
769 5453 972 5522 pixidis
1006 5453 1175 5506 virtus
1204 5454 1528 5510 continetur.

284 5553 521 5605 Penus.
557 5551 636 5604 Ad
669 5551 980 5604 memoriam
1014 5566 1098 5602 me
1130 5551 1412 5605 reduxisti.
1459 5552 1804 5608 Reminiscor

211 5639 354 5694 enim
386 5656 472 5693 me
497 5641 514 5708 j
538 5656 608 5691 im
643 5639 783 5692 hunc
815 5638 1114 5707 perlegisse
1145 5639 1344 5702 locum,
1371 5640 1468 5693 sed
1509 5643 1804 5697 auctoritas

212 5729 327 5782 haec
359 5728 562 5781 nullum
598 5727 690 5780 tibi
722 5727 934 5781 confert
965 5728 1333 5795 patrocinum.
1369 5729 1500 5782 Cum
1534 5731 1678 5784 enim
1716 5731 1803 5785 lex

211 5817 495 5887 perhibeat
519 5817 687 5870 Deum
712 5815 882 5884 Moysi
906 5814 1107 5870 dixisse
1132 5833 1144 5869 :
1167 5819 1488 5872 Posteriora
1501 5833 1627 5874 mea
1646 5820 1800 5875 vide-

208 5907 308 5975 bis,
340 5914 393 5961 et
422 5905 674 5978 quoniam
710 5905 885 5959 Deum
913 5905 1132 5960 mentiri
1179 5921 1286 5961 non
1343 5923 1504 5977 posse
1561 5917 1792 5976 constat,

1941 1957 2113 2026 potuit
2144 1965 2322 2012 tamen
2346 1957 2461 2012 fieri
2492 1967 2550 2012 ut
2580 1959 2794 2029 Moyses
2823 1959 2954 2013 nihil
2983 1959 3038 2012 in
3069 1974 3135 2014 eo
3174 1966 3370 2028 praeter
3411 1972 3532 2012 cer-

1947 2045 2126 2100 vicem
2159 2046 2373 2100 viderit.
2409 2049 2513 2100 Aut
2545 2047 2589 2101 si
2630 2048 2757 2118 quid
2801 2047 2949 2102 aliud
2992 2047 3196 2102 vidisse
3235 2047 3527 2117 tingamus,

1942 2134 2115 2204 potuit
2147 2135 2336 2189 videre
2368 2135 2566 2204 pileum
2613 2138 2727 2191 sive
2785 2137 3040 2208 corrigiae
3098 2135 3321 2200 nodum,
3381 2134 3530 2189 illius

1939 2224 2146 2278 scilicet
2177 2239 2395 2279 coronae
2428 2241 2589 2294 quam
2623 2242 2720 2279 vos
2751 2225 2928 2279 dicitis
2967 2225 3250 2295 angelum,
3308 2223 3529 2278 nomine

1938 2320 2217 2384 Mitraton,
2252 2319 2484 2390 singulis
2506 2320 2695 2374 diebus
2725 2321 2884 2391 capiti
2917 2320 3014 2375 Dei
3045 2320 3347 2390 imponere.

2008 2427 2258 2480 Movsas.
2285 2427 2555 2481 Doctores
2585 2426 2770 2497 utique
2800 2426 2987 2491 nostri,
3017 2425 3148 2480 illud
3207 2424 3350 2494 quod
3399 2423 3531 2478 vidit

1935 2516 2192 2588 corrigiae
2220 2516 2423 2570 nodum
2451 2517 2780 2570 contendunt
2811 2515 2977 2569 fuisse
3010 2531 3022 2567 :
3071 2514 3305 2584 ideoque
3353 2514 3527 2568 Deum

1933 2616 2105 2685 Moysi
2139 2617 2404 2670 cervicem
2438 2622 2687 2669 astruunt
2719 2614 3045 2680 ostendisse,
3069 2622 3130 2668 ut
3148 2612 3300 2667 illum
3321 2611 3531 2667 videret

1932 2704 2133 2758 nodum
2166 2703 2432 2772 corrigiae.

2004 2811 2242 2865 Parnus.
2285 2813 2361 2865 lta
2393 2827 2511 2865 esse
2540 2819 2601 2864 ut
2629 2811 2826 2864 asseris
2855 2809 2922 2864 ad
2962 2809 3038 2864 tui
3084 2807 3514 2864 destructionem

1929 2910 2320 2963 concedamus.
2359 2909 2480 2962 Nan
2511 2917 2564 2962 ut
2589 2909 2811 2978 Moysen
2855 2907 3004 2961 illum
3054 2923 3273 2963 corona
3318 2905 3525 2960 nodum

1927 2997 2130 3051 vidisse
2158 2997 2503 3060 mentiamur,
2533 3011 2652 3051 cum
2684 2997 2800 3066 ejus
2829 2996 3024 3050 faciem
3054 2995 3361 3050 nullatenus
3378 2993 3529 3048 vide-

1928 3085 2018 3153 rit,
2052 3086 2194 3140 unde
2225 3087 2396 3141 Deum
2418 3085 2652 3156 pixidem
2700 3085 2756 3138 in
2812 3083 3068 3139 anteriori
3107 3083 3302 3154 capitis
3355 3089 3515 3154 parte

1927 3190 2144 3253 gestare
2173 3181 2422 3251 probavit
2447 3180 2475 3234 ‘I

1996 3289 2238 3342 Morsas.
2282 3287 2567 3351 Quomodo
2597 3288 2812 3357 Moyses
2841 3285 3097 3340 nodatam
3128 3283 3424 3357 corrigiam
3440 3283 3518 3339 vi-

1924 3377 2020 3443 dit,
2054 3378 2291 3448 pixidem
2324 3394 2445 3448 quas
2473 3377 2564 3430 illa
2593 3377 2876 3447 ligaretur,
2909 3375 2964 3429 in
2995 3374 3173 3445 capite
3201 3373 3300 3428 Dei
3346 3372 3514 3428 fuisse

1923 3476 2175 3532 doctores
2210 3475 2606 3530 intellexerunt.

1995 3585 2239 3638 Paraus.
2278 3583 2400 3636 Non
2429 3582 2650 3637 omnino
2680 3597 2845 3635 sanus
2876 3587 2959 3635 est
2986 3579 3073 3634 hic
3103 3578 3429 3644 intellectus,
3459 3585 3519 3634 ut

1922 3673 2095 3726 Deum
2125 3672 2328 3743 aliquid
2361 3681 2578 3743 gestare
2620 3671 2906 3737 dicamus;
2956 3669 3128 3739 potuit
3187 3677 3365 3723 tamen
3422 3667 3517 3723 illa

1921 3760 2166 3833 corrigia
2192 3762 2347 3832 ligari
2375 3761 2698 3832 cymbalum,
2716 3768 2807 3814 aut
2831 3757 3248 3813 tintinnabulum
3269 3756 3512 3828 aliquod,

1921 3867 2014 3913 aut
2042 3875 2254 3928 gemma
2299 3858 2502 3928 quaevis
2533 3857 2790 3928 pretiosa,
2815 3865 2904 3911 aut
2931 3856 3132 3928 aliquid
3180 3854 3512 3924 hujusmodi.

1921 3948 2305 4001 Verumtamen
2337 3955 2394 4000 ut
2426 3947 2608 4001 omnia
2640 3945 2732 3999 tibi
2751 3945 3004 3999 fatuitatis
3024 3943 3208 3999 tollam
3231 3957 3510 4012 responsa,

1919 4037 2023 4092 hoc
2055 4043 2110 4090 ut
2142 4037 2222 4090 vis
2253 4045 2305 4090 et
2333 4036 2469 4090 dicis
2487 4051 2607 4090 esse
2633 4035 2953 4090 concedam.
2974 4033 3080 4088 Sed
3101 4034 3202 4087 hoc
3219 4045 3507 4097 concesso,

1916 4126 2080 4190 unde,
2115 4140 2319 4196 quasso,
2345 4127 2566 4195 Moyses
2585 4123 2892 4195 intelligere
2923 4123 3140 4177 chartas
3161 4120 3335 4191 potuit
3366 4121 3512 4172 intus

1917 4223 2206 4287 contineri,
2240 4223 2440 4276 nedum
2473 4222 2644 4277 scisse
2675 4239 2794 4277 eum
2828 4221 2977 4276 dicas
3000 4219 3125 4290 quid
3159 4219 3213 4272 in
3243 4219 3324 4272 eis
3368 4215 3510 4272 scri-

1917 4320 2064 4382 ptum
2085 4312 2424 4366 haberetur?
2446 4311 2553 4364 Sed
2590 4317 2643 4365 et
2677 4311 2821 4381 quod
2844 4326 3011 4380 super
3043 4310 3159 4364 haec
3197 4307 3382 4362 omnia
3414 4305 3510 4361 ad-

1918 4401 2199 4454 miratione
2232 4400 2612 4470 dignissimum
2643 4409 2743 4467 est,
2776 4399 2922 4470 quod
2951 4398 3004 4452 in
3036 4397 3126 4451 illa
3186 4399 3395 4464 charta,
3453 4401 3512 4449 ut

1917 4501 2159 4564 creditis,
2195 4502 2325 4554 nihil
2356 4501 2499 4554 aliud
2530 4500 2790 4570 scriptum
2821 4508 2920 4563 est,
2955 4499 3059 4554 nisi
3117 4514 3310 4554 versus
3371 4511 3511 4567 quos

1834 4605 1886 4664 Π
1921 4593 2135 4660 Moyses
2157 4589 2318 4661 longe
2350 4598 2470 4659 post
2519 4590 2760 4643 moriens
2817 4587 3174 4644 Israeliticum
3226 4586 3506 4657 populum,

1915 4678 2187 4740 docendo,
2218 4694 2281 4732 ex
2311 4678 2611 4747 semetipso
2642 4695 2765 4732 eum
2795 4678 3026 4732 laudans
3056 4675 3243 4741 edidit,
3287 4683 3337 4730 et
3386 4681 3507 4744 post

1913 4774 2082 4828 multa
2109 4789 2372 4828 annorum
2402 4773 2694 4838 curricula,
2728 4774 2987 4829 Salomon
3034 4775 3208 4828 Deum
3265 4771 3508 4826 adorans

1913 4863 2218 4930 composuit
2247 4865 2316 4915 de
2348 4878 2536 4916 eorum
2571 4863 2731 4917 laude
2765 4881 2778 4926 ;
2812 4863 2955 4917 nulla
3011 4870 3090 4916 est
3146 4862 3284 4915 ratio
3337 4874 3506 4931 quare

1917 4951 1970 5005 in
1994 4952 2097 5006 Dei
2127 4951 2299 5021 capite
2330 4951 2591 5021 scriptum
2625 4969 2747 5007 esse
2778 4952 2975 5007 debeat
3003 4951 3177 5007 credi.

1985 5068 2239 5120 Movsas.
2271 5065 2430 5134 Quod
2461 5067 2633 5122 oculis
2662 5067 2874 5122 carneis
2905 5069 3118 5139 Moyses
3138 5084 3247 5124 non
3265 5067 3415 5134 vidit,
3439 5081 3506 5124 ex

1913 5156 2084 5211 sancti
2111 5155 2346 5225 Spiritus
2377 5156 2706 5211 revelatione
2729 5158 3004 5227 cognovit.
3056 5159 3134 5212 De
3191 5159 3503 5213 chartarum

1912 5253 2094 5299 autem
2126 5245 2407 5314 scripturis
2437 5245 2605 5310 nulla,
2640 5245 2828 5310 fateor,
2863 5255 2946 5300 est
2973 5247 3104 5301 mihi
3135 5246 3301 5302 ratio.

1982 5359 2220 5413 Peraus.
2255 5358 2440 5413 Gloria
2472 5360 2604 5414 Deo.
2627 5360 2746 5414 lam
2768 5361 3048 5432 paulisper
3070 5361 3304 5417 stultitiae
3349 5379 3506 5420 cares

1911 5461 2206 5510 responso.
2245 5450 2377 5503 Item
2409 5450 2454 5502 si
2487 5450 2850 5504 concedamus
2882 5451 3104 5521 Moysen
3127 5452 3318 5507 horum
3349 5470 3503 5525 qua-

1912 5536 2033 5589 dam
2066 5537 2291 5604 vidisse,
2327 5537 2572 5609 quaedam
2603 5547 2788 5594 sancto
2820 5539 3101 5595 revelante
3155 5540 3356 5612 Spiritu
3403 5559 3504 5599 co-

1911 5637 2192 5708 gnovisse,
2227 5655 2348 5692 cum
2381 5655 2479 5695 nec
2511 5641 2626 5709 ipse
2676 5641 2888 5710 Moyses
2947 5657 3180 5712 usquam
3240 5642 3502 5712 scriptum

1912 5725 2207 5796 reliquerit,
2239 5743 2341 5782 nec
2373 5729 2515 5783 ullus
2572 5741 2692 5799 post
2751 5745 2874 5784 eum
2917 5732 3182 5802 propheta
3240 5731 3500 5801 prodidit,

1909 5815 2054 5869 unde
2085 5817 2280 5872 vestris
2311 5817 2626 5875 doctoribus
2657 5827 2765 5873 tarn
2816 5829 3042 5876 secretae
3099 5820 3172 5875 rei
3237 5834 3501 5877 arcanum

1908 5913 2084 5982 patuit
2111 5914 2139 5966 ?
