3882 6406
386 410 487 464 843
1337 404 1538 459 PETRI
1578 403 1875 459 ALPONSI
1915 394 2015 458 EX
2053 400 2295 459 JUDzEO
2337 400 2746 460 CllRiSTlANl

3701 402 3729 459 Δ

455 533 708 589 Morsas.
747 534 850 589 Per
879 540 1121 589 veterum
1150 544 1521 596 successores,
1551 530 1618 584 ad
1669 533 1979 586 nostrorum
2010 530 2065 590 A
2167 529 2411 585 Ρετυυε.
2441 527 2709 597 Quoniam
2737 544 2843 584 nos
2867 528 3135 584 orientem
3164 547 3273 588 non
3301 531 3558 598 dicimus,
3584 529 3706 585 nisi

382 622 605 678 tandem
635 623 917 679 doctorum
949 624 1191 695 pervenit
1224 620 1493 676 notitiam.

456 758 697 812 PETRUS.
733 757 865 812 Cum
898 757 967 811 ad
1016 765 1123 809 tam
1182 753 1566 808 irrationabilis
1610 750 1979 809 conclusionis

385 843 671 917 diffugium
702 854 943 899 vestrum
982 844 1163 898 deviet
1220 849 1625 914 argumentum,
1684 858 1783 911 per
1832 842 1977 894 anti-

386 959 615 1016 quorum
638 943 1016 1000 successiones
1046 959 1207 998 omne
1236 942 1333 996 tibi
1365 942 1551 998 licebit
1575 939 1790 995 ﬁrmare
1811 956 1980 995 mem-

384 1032 628 1090 dacium.
669 1034 763 1086 Est
793 1040 971 1087 tamen
1004 1033 1165 1087 valde
1199 1031 1425 1101 indigne
1478 1030 1791 1096 ferendum,
1851 1029 1979 1100 quia

383 1137 580 1190 vestris
611 1135 925 1191 doctoribus
954 1134 1225 1205 apponitis
1251 1132 1396 1205 quod
1443 1133 1547 1203 ipsi
1595 1132 1824 1188 forsitan
1872 1147 1975 1185 no-

381 1232 517 1298 lunt,
551 1248 677 1288 cum
712 1233 813 1303 ipsi
840 1234 943 1288 hoc
972 1249 1032 1287 se
1062 1248 1169 1286 non
1199 1248 1229 1285 a
1262 1238 1506 1285 veterum
1562 1230 1825 1283 relatione
1882 1244 1978 1298 per

382 1322 603 1393 Moysen
634 1322 889 1377 habuisse
920 1329 1207 1384 testentur,
1236 1320 1334 1374 sed
1359 1319 1463 1390 ipsi
1494 1319 1548 1374 in
1585 1335 1846 1374 versuum
1876 1335 1974 1373 ex-

382 1408 691 1481 planatione
719 1411 844 1466 talia
875 1416 1335 1466 commentemur.

452 1528 699 1583 Marses.
723 1527 1001 1598 Respondi
1025 1542 1134 1582 non
1152 1526 1368 1582 ratione
1385 1524 1539 1591 recti,
1563 1524 1659 1579 sed
1682 1523 1975 1581 occasione

379 1614 609 1690 diﬁ'ugii.

450 1735 688 1790 Paraus.
724 1734 1013 1789 Veritatem
1044 1732 1227 1804 itaque
1260 1739 1506 1787 tenentes
1551 1732 1843 1787 vanitatem
1893 1733 1975 1787 vi-

377 1829 576 1889 temus,
610 1823 866 1895 quoniam
891 1822 945 1877 in
981 1821 1204 1878 rationis
1225 1820 1448 1878 exordio
1478 1820 1561 1876 sic
1599 1829 1829 1893 uterque
1859 1830 1974 1876 sta-

375 1911 598 1967 tuimus.

450 2028 698 2082 Mersus.
731 2027 966 2098 Dignum
995 2024 1202 2095 judico.

454 2139 694 2193 Penus.
728 2137 849 2201 Dic,
883 2153 1088 2209 quaeso,
1118 2135 1261 2191 nosti
1318 2143 1515 2208 quanta
1574 2135 1679 2191 ista
1739 2136 1979 2191 narratio

380 2225 696 2283 verilicetur
724 2225 949 2292 ratione,
983 2238 1187 2295 prayer
1216 2226 1320 2280 hoc
1350 2225 1509 2280 etiam
1543 2225 1685 2297 quod
1713 2225 1827 2294 jam
1873 2226 1976 2280 du-

384 2322 513 2378 dum
544 2322 688 2377 nulla
717 2329 931 2378 constat
962 2322 1288 2378 auctoritate
1319 2322 1348 2375 ?

452 2440 699 2493 Mersus.
737 2438 906 2493 Video
963 2437 1185 2509 quidem
1241 2437 1298 2490 in
1354 2445 1582 2506 utroque
1639 2436 1978 2491 auctoritatis

384 2525 830 2580 destructionem.
862 2526 1019 2580 Nunc
1042 2533 1217 2579 autem
1250 2541 1279 2578 a
1312 2532 1362 2579 te
1391 2525 1557 2596 exigo
1589 2532 1645 2579 ut
1688 2524 1743 2579 id
1788 2533 1976 2579 osten-

386 2614 488 2669 das
519 2629 620 2684 per
646 2622 854 2668 naturae
884 2613 1177 2668 rationem.

455 2730 693 2785 Penus.
729 2731 841 2784 Vos
872 2731 1044 2784 Deum
1074 2736 1255 2799 Caput,
1290 2729 1507 2783 brachia
1549 2736 1600 2784 et
1646 2736 1816 2784 totam
1854 2745 1976 2785 cor-

383 2817 535 2889 poris
564 2817 788 2873 formam
820 2819 1016 2873 habere
1047 2818 1390 2874 contenditis.
1426 2817 1580 2887 Quod
1624 2818 1671 2872 si
1718 2820 1817 2874 hoc
1874 2825 1975 2883 est,

384 2907 551 2979 igitur
578 2908 751 2962 Deum
784 2907 1140 2980 longitudinis
1173 2916 1222 2962 et
1270 2907 1573 2962 altitudinis
1618 2908 1977 2961 dimensioni-

385 3004 485 3059 bus
516 3013 763 3061 constare
792 3021 1020 3061 necesse
1052 3014 1133 3059 est
1166 3004 1458 3060 fateamini.
1495 3005 1550 3060 Si
1581 3020 1715 3060 vero
1764 3006 1847 3059 his
1891 3006 1980 3060 tri-

384 3093 486 3149 bus
515 3092 948 3150 dimensionibus
1003 3095 1286 3162 clauditur,
1339 3111 1433 3149 sex
1488 3110 1682 3164 nempe
1733 3095 1979 3165 corporis

380 3183 622 3254 partibus
652 3184 995 3243 terminatur.
1028 3184 1171 3255 quod
1205 3191 1286 3238 est
1318 3182 1730 3248 inconveniens,
1766 3194 1824 3237 ut
1877 3199 1976 3238 suo

2088 615 2267 672 locum
2298 616 2469 684 illum,
2504 617 2593 671 ubi
2626 617 2775 688 prius
2806 616 2965 672 stella
2995 629 3244 689 apparet,
3280 636 3384 677 nec
3433 618 3707 677 occiden-

2088 713 2219 771 tem,
2252 705 2356 759 nisi
2389 706 2480 760 ubi
2511 715 2699 762 nostro
2731 706 3068 760 subtrahitur
3096 709 3366 778 aspectui.

2157 794 2403 849 Morsas.
2434 795 2590 850 Nunc
2620 796 2854 850 obsecro
2894 803 2952 849 ut
2999 795 3225 851 orientis
3281 806 3332 852 et
3388 800 3704 855 occidentis

2086 883 2217 936 mihi
2249 894 2457 937 certum
2492 884 2666 938 locum
2699 884 2981 950 ostendas,
3011 893 3064 939 et
3095 884 3259 957 hujus
3307 887 3387 941 rei
3433 889 3695 945 notitiam

2087 972 2358 1027 subtiliter
2389 972 2674 1027 discutias.

2161 1062 2397 1115 Paulus.
2432 1059 2906 1129 Quemadmodum
2938 1079 3055 1117 rem
3087 1063 3245 1117 istam
3280 1064 3373 1118 tibi
3417 1066 3699 1121 subtiliter

2085 1150 2384 1204 monstrari
2416 1151 2714 1222 rogasti,te
2736 1167 2953 1222 quoque
2977 1151 3110 1205 illud
3128 1153 3313 1206 subtili
3332 1154 3488 1209 decet
3524 1157 3691 1211 oculo

2084 1245 2316 1301 intueri.
2346 1245 2503 1314 Quod
2530 1249 2631 1301 hoc
2654 1248 2814 1302 modo
2836 1247 3141 1303 considera.
3168 1249 3225 1303 In
3243 1266 3586 1322 quocumque
3605 1252 3693 1307 vis

2087 1334 2210 1389 loco
2241 1335 2501 1397 consiste,
2538 1344 2592 1390 et
2621 1336 2692 1389 ab
2722 1336 2915 1391 eodem
2939 1335 3136 1391 lineam
3161 1348 3363 1393 rectam
3404 1340 3473 1394 ad
3504 1340 3694 1395 orien-

2088 1423 2155 1477 tis
2178 1423 2353 1494 dirige
2378 1432 2612 1493 partem.
2640 1423 2778 1492 Quae
2800 1441 2918 1479 cum
2944 1425 3252 1495 pervenerit
3285 1427 3351 1480 ad
3381 1427 3559 1483 locum
3597 1428 3692 1482 ul-

2086 1520 2170 1566 tra
2201 1527 2363 1583 quem
2399 1512 2572 1566 visum
2606 1514 2828 1567 tendere
2862 1515 3075 1584 nequis,
3123 1513 3299 1570 locum
3356 1514 3529 1585 ipsum
3590 1516 3695 1571 tibi

2086 1601 2347 1655 orientem
2373 1616 2497 1655 esse
2520 1616 2815 1672 cognosce.
2849 1601 3054 1655 Eodem
3078 1601 3240 1657 modo
3263 1602 3307 1656 si
3326 1603 3394 1657 ab
3417 1619 3482 1659 eo
3502 1605 3555 1657 in
3577 1621 3691 1676 quo

2088 1689 2346 1744 consistis
2379 1689 2501 1745 loco
2533 1690 2734 1743 lineam
2771 1699 2975 1744 rectam
2999 1691 3051 1743 in
3094 1691 3434 1746 occidentem
3463 1692 3688 1748 direxe-

2088 1778 2181 1842 ris,
2210 1793 2331 1833 cum
2355 1778 2420 1832 ad
2458 1778 2621 1832 talem
2653 1779 2967 1849 pervenerit
2997 1779 3196 1845 locum,
3250 1780 3341 1850 qui
3393 1780 3531 1835 visui
3589 1789 3686 1838 tuo

2006 1889 2059 1948 Β
2089 1866 2381 1921 terminum
2439 1875 2625 1937 ponat,
2685 1866 2778 1921 tibi
2836 1867 3014 1938 ipsum
3066 1867 3367 1923 occidentis
3414 1870 3688 1927 constitue

2087 1953 2268 2018 locum
2283 2003 2295 2016 .

2163 2053 2408 2107 Movses.
2452 2053 2607 2107 Nunc
2642 2052 2823 2106 horam
2858 2052 2991 2108 recti
3022 2060 3194 2121 ortus,
3223 2060 3275 2109 et
3303 2053 3493 2108 horam
3539 2054 3685 2112 recti

2088 2156 2315 2197 occasus
2349 2141 2478 2195 mihi
2507 2141 2795 2196 monstrari
2826 2141 3116 2196 desidero.

2160 2249 2397 2302 Peraus.
2429 2248 2702 2302 Nascente
2738 2246 2897 2301 stella
2926 2248 3241 2317 praedictam
3279 2247 3473 2303 lineam
3506 2265 3681 2323 usque

2088 2336 2152 2391 ad
2180 2336 2359 2405 ipsum
2393 2337 2562 2391 stellze
2592 2336 2767 2390 locum
2801 2336 3083 2406 protende,
3111 2335 3235 2390 etin
3276 2345 3458 2392 centro
3505 2339 3678 2408 ipsius

2089 2425 2263 2481 stellae
2296 2426 2496 2480 lineam
2534 2423 2661 2497 ﬁge,
2696 2424 2769 2478 ita
2791 2433 2844 2478 ut
2868 2424 3048 2479 media
3078 2440 3244 2495 super
3273 2434 3471 2480 terram
3501 2443 3673 2498 appa-

2088 2531 2227 2591 reat,
2259 2531 2312 2577 et
2341 2522 2520 2577 media
2543 2523 2722 2577 adhuc
2752 2522 2916 2576 lateat
2945 2521 3230 2594 ipsamque
3260 2523 3449 2578 horam
3504 2523 3677 2595 ipsius

2089 2610 2259 2666 stellae
2287 2619 2467 2665 ortum
2492 2612 2661 2666 dices.
2685 2611 2822 2665 Cum
2840 2626 2976 2682 ergo
2998 2610 3080 2665 sol
3102 2610 3196 2664 tali
3225 2611 3388 2666 modo
3406 2611 3538 2667 oriri
3557 2628 3678 2669 cce-

2087 2700 2230 2771 perit
2258 2716 2422 2770 super
2449 2710 2668 2764 terram,
2702 2699 2795 2753 illa
2851 2700 2984 2753 hora
3040 2699 3180 2769 apud
3235 2700 3542 2771 astrologos
3598 2710 3683 2756 est

2089 2812 2253 2850 verus
2284 2804 2437 2849 ortus
2457 2795 2585 2849 diei.
2627 2794 2837 2849 Eodem
2862 2795 3025 2849 modo
3082 2793 3128 2848 si
3184 2796 3465 2851 occidente
3519 2796 3680 2850 stella

2088 2884 2366 2955 praefatam
2394 2883 2595 2938 lineam
2640 2899 2813 2955 usque
2857 2883 2927 2937 ad
2967 2898 3087 2938 eam
3127 2884 3423 2938 occidentis
3462 2893 3676 2954 partem

2088 2973 2334 3045 dirigens
2356 2974 2719 3028 summitatem
2748 2972 2906 3027 linem
2927 2974 2980 3026 in
2995 2971 3171 3027 stella:
3188 2970 3367 3028 tixeris
3383 2980 3594 3036 centro,
3608 2974 3682 3028 ita

2088 3071 2145 3115 ut
2176 3062 2351 3115 media
2381 3077 2547 3131 super
2578 3070 2804 3128 terram,
2829 3069 2882 3115 et
2904 3061 3081 3115 media
3101 3061 3203 3115 sub
3232 3069 3374 3116 terra
3394 3061 3672 3126 consistat,

2089 3158 2236 3213 illam
2270 3159 2454 3214 horam
2485 3174 2608 3214 esse
2637 3174 2893 3214 occasum
2921 3158 3092 3214 dices.
3151 3158 3393 3230 Cumque
3445 3160 3528 3214 sol
3585 3158 3684 3214 tali

380 3239 701 3328 δειεηάειω.
732 3272 789 3326 in
820 3272 966 3327 loco.
985 3239 1071 3327 ὐὲ
1086 3273 1326 3343 comma
1347 3279 1528 3327 unum,
1549 3239 1875 3343 quam'eum
1922 3272 1977 3326 in
2008 3239 2058 3303 C
2088 3249 2251 3303 modo
2282 3248 2563 3313 occiderit,
2589 3247 2678 3343 illa
2710 3247 2842 3302 hora
2871 3247 3015 3317 apud
3058 3246 3366 3320 astrologos
3397 3263 3560 3302 verus
3590 3255 3677 3304 est

380 3370 559 3440 capite
588 3370 792 3425 habere
822 3369 1023 3435 dicitis,
1055 3371 1162 3425 duo
1196 3370 1292 3425 tibi
1343 3385 1610 3440 prepono.
1666 3370 1782 3425 Tua
1828 3370 1974 3424 enim

380 3459 639 3529 corrigia,
667 3466 759 3514 aut
783 3467 868 3515 est
897 3460 966 3515 de
994 3459 1137 3530 ipso,
1168 3458 1520 3514 autaliunde.
1553 3459 1608 3513 Si
1639 3459 1706 3513 de
1727 3462 1848 3529 ipso
1870 3466 1973 3524 est,

376 3546 490 3616 jam
513 3548 707 3603 Densa
729 3563 789 3603 se
809 3547 1016 3603 divisus
1046 3556 1126 3603 est
1161 3565 1175 3606 :
1204 3548 1250 3602 si
1283 3563 1413 3603 vero
1443 3548 1661 3602 aliunde
1718 3556 1823 3613 est,
1881 3554 1979 3602 aut

383 3645 633 3713 Creator,
658 3653 750 3703 aut
778 3654 1029 3703 creatura
1054 3655 1156 3703 est.
1190 3646 1248 3702 Si
1281 3662 1416 3717 ergo
1446 3646 1672 3701 Creator
1706 3654 1807 3711 est,
1841 3660 1979 3718 ergo

382 3733 497 3790 duo
527 3742 654 3790 sunt
681 3744 967 3791 creatores
999 3756 1017 3802 ;
1047 3735 1093 3789 si
1124 3745 1378 3791 creatura
1409 3743 1511 3799 est,
1564 3736 1677 3803 jam
1727 3736 1978 3807 quaedam

380 3832 630 3879 creatura
659 3825 830 3895 major
858 3832 942 3880 est
984 3824 1217 3896 quadam
1268 3832 1425 3895 parte
1480 3824 1771 3887 Creatoris,
1832 3825 1979 3896 quod

381 3910 773 3969 inconveniens
802 3920 909 3970 est.
941 3914 1095 3977 Item,
1121 3928 1309 3985 quaero
1344 3931 1356 3967 :
1390 3913 1507 3969 Iloc
1532 3913 1676 3983 quod
1718 3913 1771 3967 in
1805 3913 1980 3983 capite

381 4006 470 4063 vel
498 4008 938 4080 brachiogestat,
964 4015 1143 4062 utrum
1165 4008 1492 4063 necessitate
1513 4007 1712 4079 aliqua,
1742 4022 1814 4061 an
1860 4007 1980 4063 sine

381 4097 711 4153 necessitate
740 4097 870 4153 illud
899 4098 1127 4169 gestet?
1156 4096 1212 4152 Si
1251 4096 1580 4152 necessitate
1627 4105 1821 4166 gestat,
1864 4097 1979 4164 jam

383 4184 847 4258 Creatoriudiget
876 4194 1141 4254 creatura,
1172 4185 1319 4257 quod
1366 4184 1515 4240 aliud
1572 4192 1661 4239 est
1712 4183 1978 4241 inconve-

381 4280 565 4337 niens.
594 4282 753 4338 Nunc
781 4281 966 4353 itaque
995 4289 1189 4352 aperte
1215 4289 1373 4352 potes
1431 4296 1769 4352 cognoscere
1828 4280 1979 4352 quod

382 4368 482 4424 tibi
512 4369 727 4424 ostendi
756 4384 825 4425 ea
852 4384 957 4442 qua
984 4369 1307 4441 postulabas
1337 4368 1569 4437 ratione,
1604 4368 1810 4427 scilicet
1832 4369 1980 4442 quod

382 4457 452 4513 de
480 4457 717 4530 corrigia
735 4458 979 4526 creditis,
1005 4473 1168 4530 quam
1198 4458 1269 4514 sit
1299 4458 1435 4514 vile.

453 4575 683 4630 Movsss
695 4613 709 4628 .
750 4574 963 4630 Teneo.

455 4688 695 4745 Penus.
726 4688 926 4744 Iterum
950 4688 1121 4744 vestri
1141 4687 1395 4744 doctores
1416 4687 1471 4742 in
1506 4688 1877 4744 doctrinarum
1907 4688 1979 4743 li-

384 4776 486 4833 bro
517 4785 771 4833 asserunt
809 4778 956 4848 quod
1003 4778 1151 4833 Deus
1201 4778 1254 4831 in
1295 4777 1578 4832 occidente
1622 4785 1705 4832 est
1750 4785 1976 4843 tantum,

380 4866 701 4922 auctoritate
782 4866 974 4920 Esdrse
1027 4865 1161 4919 illud
1216 4863 1634 4930 conﬁrmantes,
1695 4865 1975 4921 dicentis:

383 4956 692 5011 Exercitus
703 4955 829 5011 ειειὶ
842 4955 1130 5027 supplicat
1149 4954 1249 5010 tibi
1265 4956 1314 5021 (ι
1326 4955 1349 5009 Ι
1363 4954 1565 5010 Esdras
1581 4953 1679 5023 ix).
1693 4954 1981 5024 Exponen-

383 5059 469 5108 tes
500 5052 608 5107 hoc
635 5050 802 5121 quod,
836 5067 958 5107 cum
989 5066 1181 5106 omnes
1201 5052 1373 5107 stellae
1394 5054 1447 5105 in
1468 5051 1805 5107 occidentem
1835 5051 1982 5107 ἀνοί-

384 5140 539 5208 dunt,
572 5149 702 5197 tunc
730 5141 1000 5197 exercitus
1026 5140 1148 5195 caeli
1179 5141 1449 5211 supplicat
1475 5141 1611 5205 Deo,
1631 5149 1684 5196 et
1723 5142 1981 5212 quoniam

387 5227 503 5286 hec
550 5227 835 5285 stellarutn
893 5228 1219 5300 supplicatio
1277 5228 1336 5282 tit.
1393 5229 1446 5283 in
1494 5230 1799 5296 occidente,
1858 5229 1982 5285 ideo

386 5325 564 5383 Deum
595 5326 649 5380 in
679 5326 965 5383 occidente
996 5334 1249 5382 asserunt
1273 5343 1420 5382 esse.
1471 5328 1588 5382 Hac
1639 5343 1803 5399 quam
1858 5326 1982 5383 dico

388 5422 471 5468 est
500 5430 691 5468 eorum
725 5414 1011 5471 sententia.
1046 5413 1149 5483 Qui
1183 5431 1487 5487 quanquam
1519 5432 1548 5469 a
1577 5415 1682 5470 Dei
1713 5424 1838 5469 sunt
1882 5431 1981 5471 co-

389 5502 652 5572 gnomine
682 5502 863 5568 alieni,
895 5502 941 5557 si
972 5503 1157 5558 mundi
1186 5505 1378 5559 saltem
1422 5502 1654 5576 figuram
1705 5519 1983 5575 agnosce-

392 5605 529 5664 rent,
563 5613 669 5652 non
701 5599 767 5654 de
798 5600 913 5653 Deo
945 5608 1050 5653 tam
1080 5599 1308 5671 indigna
1338 5600 1628 5656 sentirent.

2086 3353 2318 3394 occasus
2347 3337 2478 3402 diei,
2512 3345 2565 3391 et
2592 3336 2801 3391 initium
2834 3337 3031 3392 noctis.

2156 3444 2404 3498 Morsas.
2439 3444 2516 3496 Ex
2550 3442 2756 3496 ratione
2788 3447 2881 3496 tua
2927 3442 3053 3496 talis
3094 3442 3339 3513 procedit
3379 3440 3679 3510 conclusio,

2087 3532 2236 3604 quod
2264 3548 2386 3587 cum
2418 3547 2549 3601 pars
2576 3531 2859 3586 orientalis
2890 3531 3041 3586 orbis
3071 3531 3260 3587 eadem
3289 3532 3358 3586 sit
3397 3532 3671 3598 omnibus,

2085 3621 2240 3678 locus
2270 3629 2451 3675 tamen
2482 3620 2706 3675 orientis
2736 3636 2847 3675 non
2876 3620 3021 3675 idem
3051 3627 3134 3675 est
3162 3620 3444 3676 omnibus.
3481 3620 3677 3675 Itidem

2088 3735 2327 3792 quoque,
2351 3735 2476 3775 cum
2505 3718 2864 3774 occidentalis
2904 3734 3010 3774 non
3066 3718 3211 3773 idem
3267 3727 3351 3774 est
3402 3718 3675 3784 omnibus,

2086 3823 2189 3864 nec
2218 3808 2413 3864 eadem
2442 3809 2581 3863 hora
2608 3815 2780 3876 ortus,
2816 3823 2937 3878 quae
2992 3815 3076 3863 est
3140 3807 3298 3863 nobis
3352 3815 3407 3863 et
3459 3806 3677 3862 caeteris

2087 3897 2364 3969 gentibus,
2399 3911 2500 3951 nec
2529 3896 2724 3951 eadem
2753 3897 2889 3951 hora
2920 3910 3150 3953 occasus
3170 3904 3252 3951 est
3267 3895 3423 3950 nobis
3443 3902 3496 3950 et
3515 3903 3680 3950 caete-

2088 3994 2167 4049 ris
2214 3993 2495 4066 gentibus,
2555 3993 2651 4047 sed
2709 3992 3015 4048 secundum
3072 3992 3390 4048 varietatem
3439 3990 3678 4047 locorum

2086 4090 2248 4138 terrm
2276 4082 2331 4135 in
2359 4080 2721 4153 longitudine,
2755 4080 2996 4135 variatur
3024 4079 3178 4136 locus
3206 4079 3432 4135 orientis
3477 4085 3533 4134 et
3574 4094 3676 4135 oc-

2087 4170 2346 4235 cidentis,
2378 4178 2428 4225 et
2460 4171 2593 4224 hora
2622 4178 2775 4224 ortus
2798 4177 2853 4224 et
2881 4184 3136 4225 occasus.

2160 4269 2401 4322 Psraus.
2434 4267 2611 4324 Later
2635 4275 2688 4322 te
2718 4266 2798 4321 rei
2824 4282 3027 4338 capere
3058 4270 3362 4322 veritatem.

2158 4366 2406 4419 uorsus.
2438 4364 2652 4430 Adhuc,
2684 4379 2891 4436 quaeso,
2919 4362 3161 4434 apertius
3190 4361 3434 4434 loquere,
3483 4369 3538 4418 et
3577 4378 3673 4434 per

2086 4451 2320 4525 aliquam
2349 4451 2760 4507 similitudinem
2789 4467 2905 4506 rem
2941 4458 3052 4505 tam
3081 4450 3337 4506 subtilem
3364 4450 3606 4506 ostende.

2165 4552 2405 4606 Parens.
2440 4550 2845 4605 Constituamus
2861 4563 2997 4622 ergo
3022 4548 3194 4603 solem
3226 4547 3279 4602 in
3311 4547 3485 4618 primo
3530 4546 3672 4603 arie-

2091 4640 2162 4695 tis
2189 4640 2363 4711 gradu
2395 4647 2450 4694 et
2478 4638 2532 4692 in
2561 4638 2742 4709 primo
2761 4645 2965 4709 puncto
2984 4637 3211 4710 gradus,
3232 4645 3287 4692 et
3299 4637 3542 4692 dicamus
3554 4636 3676 4708 quia

2090 4729 2257 4799 cmpit
2289 4728 2454 4783 modo
2510 4727 2641 4782 oriri
2695 4726 2896 4782 civitati
2949 4729 3113 4793 Aren,
3169 4741 3292 4798 qua:
3342 4726 3442 4780 sita
3495 4732 3576 4781 est
3624 4724 3677 4779 in

2087 4818 2267 4890 primo
2296 4824 2509 4887 septem
2546 4815 2823 4871 climatum
2880 4823 3055 4881 terre,
3115 4813 3328 4870 habens
3385 4813 3672 4886 nonaginta

2088 4906 2297 4978 gradus
2338 4905 2410 4961 ad
2448 4904 2740 4969 orientem,
2768 4913 2819 4960 et
2856 4903 3077 4959 totidem
3110 4903 3177 4957 ad
3198 4902 3555 4967 occidentem,
3588 4902 3675 4957 ha-

2090 4997 2227 5050 bens
2256 4994 2420 5049 etiam
2441 4992 2742 5064 nonaginta
2762 4993 2962 5065 gradus
2982 4992 3047 5045 ad
3078 4992 3260 5061 polum
3291 4990 3668 5063 aquilonalem,

2089 5084 2427 5154 totidemque
2456 5084 2525 5137 ad
2554 5083 2867 5137 australem.
2902 5081 3038 5137 Cum
3069 5081 3214 5147 huic,
3257 5080 3493 5151 inquam,
3541 5079 3673 5134 civi-

2089 5174 2189 5229 tati
2215 5172 2298 5228 sol
2319 5172 2546 5243 cmperit
2574 5170 2727 5237 oriri,
2760 5185 3009 5242 quasnam
3040 5171 3172 5224 hora
3201 5169 3306 5224 erit
3348 5168 3423 5223 illi
3476 5166 3676 5224 civitati

2091 5287 2211 5343 quae
2244 5270 2523 5341 sexaginta
2554 5268 2818 5342 gradibus
2846 5268 3009 5323 distat
3036 5266 3109 5322 ab
3135 5267 3423 5322 occidente
3451 5265 3674 5321 civitatis

2090 5362 2238 5414 Aren
2267 5360 2296 5412 ξ)

2165 5450 2408 5503 Morsss.
2434 5446 2747 5502 Secundum
2776 5443 2921 5517 quod
2965 5443 3021 5497 in
3076 5442 3477 5515 astrologorum
3534 5441 3675 5497 libris

2094 5536 2276 5608 reperi
2302 5536 2589 5606 scriptum,
2620 5534 2741 5589 date
2768 5534 2946 5589 adhuc
2972 5533 3126 5588 hom
3154 5533 3221 5588 de
3243 5530 3569 5603 praecedenti
3588 5546 3674 5586 re-

2095 5633 2319 5680 manent
2348 5627 2535 5681 nocte.

462 5712 709 5764 Mersus.
745 5711 880 5766 Volo
910 5712 1037 5768 mihi
1059 5714 1293 5781 ostendi,
1317 5714 1362 5768 si
1384 5714 1584 5784 placet,
1604 5714 1878 5786 quomodo
1920 5731 1986 5770 ex

394 5795 498 5851 hoc
529 5796 704 5850 verbo
731 5798 907 5865 possit
939 5802 1225 5869 perpendi,
1249 5803 1394 5872 quod
1422 5803 1525 5873 ipsi
1547 5802 1781 5876 ﬁguram
1801 5803 1989 5859 mundi

395 5904 503 5944 non
532 5891 887 5964 agnoverint.

2168 5716 2403 5769 Parens.
2437 5713 2573 5769 Cum
2600 5711 2767 5785 igitur
2796 5710 2995 5767 civitati
3027 5709 3181 5765 Aren
3218 5708 3302 5766 sol
3348 5708 3672 5775 occubuerit,

2099 5820 2222 5876 qua
2250 5804 2388 5858 hora
2418 5802 2695 5872 praedictae
2726 5802 2830 5856 erit
2858 5799 3061 5856 civitati
3085 5799 3113 5851 ?

2168 5900 2422 5957 Morsss.
2461 5900 2594 5956 Duae
2621 5898 2872 5956 similiter
2901 5902 3183 5953 remanent
3209 5895 3359 5952 bore
3385 5893 3455 5950 de
3482 5893 3589 5950 die.
