3882 6448
1700 434 2009 494 DIALOGI.

3385 446 3490 503 546

268 563 505 616 Penus.
536 561 670 615 Cum
702 566 879 615 autem
918 560 998 615 sol
1054 560 1131 614 illi
1184 560 1311 615 oriri
1368 561 1593 630 coeperit
1645 562 1783 631 urbi,
1814 564 1868 627 Α
1896 563 2220 631 civitatibus,
2280 572 2440 633 prout
2494 581 2602 622 una
2656 564 2815 621 distat
2870 564 2939 621 ab
2987 565 3093 621 alia
3147 566 3204 621 in
3258 567 3489 640 longitu-

198 657 360 719 quota
382 650 501 717 jam
531 651 664 703 hora
692 656 773 703 est
799 650 939 702 Aren
969 648 1172 704 civitati
1204 650 1232 701 ἱ)

268 767 513 821 Movses.
549 765 767 819 Duabus
799 765 1092 829 transactis,
1131 765 1285 820 tertia
1313 765 1532 820 inchoat
1561 766 1717 820 hora.

270 883 506 937 Puraus.
539 883 780 951 Cumque
813 881 889 935 illi
932 882 1051 936 urbi
1109 882 1189 936 sol
1246 882 1577 948 occubuerit,
1637 889 1798 952 quota

198 973 328 1026 hora
349 972 451 1025 erit
476 974 616 1025 Aren
644 970 846 1026 civitati
877 971 905 1023 ἱ)

268 1089 515 1142 ΜΟΥΞΕΞ.
549 1088 681 1142 Dure
707 1087 821 1157 jam
853 1085 919 1140 de
949 1092 1104 1140 nocte
1134 1086 1417 1156 complete
1448 1092 1571 1140 sunt
1625 1086 1791 1140 hora?

271 1185 508 1239 Parens.
543 1184 601 1238 Si
624 1183 788 1254 igitur
814 1181 962 1237 ﬁlum
993 1190 1195 1238 rectum
1226 1182 1295 1237 ab
1340 1185 1481 1237 Aren
1518 1182 1797 1251 pertrabas

198 1271 430 1340 civitate,
454 1280 507 1327 et
540 1271 805 1341 perducas
838 1271 1201 1325 summitatem
1222 1287 1383 1324 unam
1414 1269 1483 1325 ad
1511 1271 1791 1339 orientem,

199 1367 251 1414 et
281 1360 442 1415 aliam
472 1361 541 1414 ad
571 1360 923 1425 occidentem,
956 1367 1008 1413 et
1037 1359 1197 1413 simili
1228 1358 1390 1413 modo
1440 1357 1495 1411 in
1551 1358 1655 1413 alia
1704 1357 1792 1412 fa-

198 1449 310 1503 cias
337 1449 573 1515 civitate,
606 1448 884 1519 proferens
914 1447 982 1501 ab
1013 1464 1077 1503 ea
1114 1454 1314 1501 rectam
1364 1447 1580 1512 lineam,
1641 1446 1794 1515 cujus

199 1553 306 1591 una
335 1537 615 1591 summitas
644 1537 712 1590 ad
742 1536 1024 1601 orientem,
1048 1543 1102 1589 et
1132 1535 1237 1591 alia
1258 1535 1528 1629 pertingat
1570 1535 1637 1589 ad
1693 1550 1790 1588 oc-

197 1625 482 1692 cidentem,
515 1640 663 1688 num,
697 1640 897 1694 quaeso,
930 1624 1203 1693 utriusque
1245 1624 1401 1678 linea:
1432 1623 1666 1677 'termini
1721 1623 1791 1677 ab

197 1714 398 1768 utravis
428 1721 577 1783 parte
607 1713 662 1766 in
690 1712 849 1766 simul
880 1720 1130 1782 poterunt
1160 1712 1448 1769 convenire
1480 1713 1507 1765 ?

266 1829 511 1883 Movsas.
543 1827 783 1894 Minime,
814 1826 909 1880 sed
939 1833 1135 1895 quanto
1166 1826 1236 1880 ab
1266 1826 1494 1881 invicem
1525 1827 1657 1896 ipsae
1712 1826 1792 1881 di-

1904 656 2047 711 dine.

1975 755 2218 811 Movses.
2253 757 2455 811 Cuncta
2482 764 2725 828 patenter
2752 758 3015 830 intelligo.

1976 854 2213 908 PETRUS.
2245 854 2357 909 Nec
2386 854 2477 908 illa
2531 855 2651 909 coeli
2707 856 2985 923 particula,
3046 872 3164 925 qure
3221 859 3380 913 hodie
3435 859 3491 915 in

1904 949 2021 997 ortu
2050 942 2178 997 solis
2206 942 2397 1011 quovis
2428 950 2682 997 terrarum
2716 943 2833 998 loco
2870 944 2925 998 in
2987 944 3192 1000 oriente
3247 956 3489 1017 apparet,

1903 1046 1981 1092 est
2009 1038 2198 1093 eadem
2228 1054 2348 1107 quae
2375 1055 2493 1093 cras
2518 1038 2709 1093 eadem
2737 1040 2870 1095 hora
2921 1040 3111 1095 eodem
3167 1049 3322 1098 term
3375 1043 3494 1099 loco

1903 1128 1959 1181 in
1984 1128 2176 1182 eodem
2205 1127 2503 1198 apparebit.

1972 1226 2217 1280 Movsas.
2249 1225 2318 1278 Et
2346 1226 2450 1279 hoc
2477 1224 2655 1280 lucide
2684 1233 2848 1296 patet.

1972 1322 2208 1376 PBTRUS.
2242 1321 2371 1375 Haec
2398 1322 2665 1392 graduum
2696 1322 2752 1375 in
2781 1322 2916 1377 coelo
2960 1322 3184 1401 variatio
3229 1326 3491 1399 contingit

1900 1409 2137 1480 quotidie
2168 1409 2304 1464 sicut
2332 1409 2445 1479 ipse
2475 1410 2555 1464 sol
2584 1426 2682 1479 per
2726 1410 2945 1466 eosdem
3002 1413 3202 1484 gradus
3255 1415 3491 1471 variatur

1901 1507 2133 1562 assidue.

1969 1605 2218 1659 Movsas.
2250 1602 2407 1672 Quod
2433 1604 2568 1659 ratio
2588 1604 2818 1660 ostendit
2844 1622 3042 1678 negare
3068 1622 3179 1662 non
3204 1608 3379 1665 valeo.

1970 1711 2205 1765 PBTRUS.
2238 1708 2687 1779 Quandoquidem
2716 1712 2790 1766 ita
2830 1728 2963 1779 esse,
3014 1721 3072 1767 ut
3115 1713 3350 1770 diximus
3383 1731 3485 1772 ne-

1898 1799 2128 1855 cessaria
2158 1806 2363 1854 constat
2390 1800 2615 1867 ratione,
2676 1808 2728 1854 et
2782 1800 2839 1853 in
2896 1801 3054 1855 totius
3105 1810 3259 1858 terra:
3312 1806 3486 1875 spatio

159 1893 162 1896 i
196 1934 337 1981 stant
363 1926 623 1992 civitates,
658 1932 803 1979 tanto
826 1893 1178 1979 linearum—in
1207 1932 1429 1994 utraque
1449 1893 1602 1993 parte
1632 1925 1791 1979 dista-
1817 1919 1870 1980 Β
1900 1914 2008 1994 ξ¹⁰⁰
2038 1906 2158 1951 sum
2182 1897 2300 1952 Ῑοθθι
2354 1897 2576 1952 orientis
2631 1906 2684 1994 εξ
2738 1898 3031 1994 οοοίξξθῐξίὶε
3082 1902 3330 1994 aequalia,
3389 1919 3488 1958 nec

192 2015 329 2069 bunt
356 2015 708 2081 summitates,
741 2013 959 2085 triginta
988 2013 1189 2066 scilicet
1219 2013 1444 2083 gradus.

268 2130 504 2183 PETRUS.
554 2130 711 2184 Nunc
764 2127 1099 2198 apertissime
1154 2127 1248 2181 tibi
1320 2134 1468 2196 patet
1532 2128 1787 2196 quoniam

192 2217 314 2273 loca
342 2217 563 2273 orientis
591 2225 644 2271 et
670 2216 981 2283 occidentis,
1015 2224 1067 2269 et
1095 2217 1243 2271 horae
1271 2223 1416 2270 ortus
1462 2223 1516 2269 et
1568 2231 1789 2270 occasus

192 2331 302 2370 non
333 2314 520 2369 eadem
552 2320 672 2367 sunt
700 2312 971 2380 omnibus,
1013 2312 1107 2365 sed
1159 2310 1433 2366 variantur
1477 2327 1574 2383 pro
1628 2312 1790 2368 variis

192 2412 347 2458 terrae
378 2402 823 2471 longitudinibus.

264 2518 509 2571 Movsss.
543 2516 684 2571 Bene
716 2514 927 2569 tandem
959 2514 1218 2586 intelligo.

265 2634 502 2687 Penus.
525 2635 659 2687 Item
681 2648 802 2685 cum
822 2632 902 2686 sol
922 2633 1064 2685 Aren
1085 2631 1251 2685 oritur
1268 2630 1487 2697 civitati,
1503 2630 1577 2685 sic
1597 2631 1787 2685 eadem

198 2724 334 2777 hora
390 2720 533 2791 apud
588 2721 810 2775 alteram
868 2735 1030 2789 quam
1107 2720 1342 2772 diximus
1409 2719 1679 2773 civitatem
1719 2718 1788 2773 ab

196 2810 441 2879 ejusdem
472 2809 701 2864 civitatis
732 2809 934 2863 oriente
964 2808 1017 2861 in
1048 2807 1291 2877 ejusdem
1337 2807 1670 2862 occidentem
1718 2808 1787 2861 li-

191 2914 353 2953 neam
383 2897 687 2969 protendas,
747 2913 866 2966 quae
917 2897 1036 2951 οωιί
1091 2904 1289 2965 puncta
1344 2896 1615 2965 utriusque
1672 2895 1788 2964 ejus

192 2987 515 3043 summitatis
542 3002 801 3041 cacumen
828 2985 1105 3054 continget
1131 2986 1160 3037 ?

266 3102 512 3156 Movses.
532 3100 631 3155 Illa
653 3099 869 3169 quidem
892 3098 1171 3153 summitas
1191 3114 1310 3168 quae
1331 3098 1506 3168 vergit
1525 3098 1593 3153 ad
1613 3098 1787 3154 orien-

197 3199 325 3259 tem,
358 3190 591 3260 primum
623 3196 876 3260 punctum
900 3188 1058 3258 primi
1096 3188 1297 3259 gradus
1351 3187 1582 3242 Piscium
1639 3187 1786 3242 obti-

1896 1986 2044 2039 borae
2073 1994 2218 2039 ortus
2237 1993 2291 2040 et
2317 2002 2537 2040 occasus
2564 1985 2789 2041 eazdem.
2848 1987 3001 2043 Unde
3056 1991 3354 2045 necessario
3409 2008 3492 2046 se-

1897 2074 2074 2143 quitur
2100 2075 2280 2128 stellas
2309 2091 2428 2143 quae
2457 2075 2777 2144 quibusdam
2806 2075 3074 2145 occidunt,
3127 2078 3247 2133 aliis
3297 2080 3488 2135 eadem

1898 2172 2029 2224 hora
2058 2171 2203 2237 oriri,
2236 2187 2336 2225 nec
2365 2172 2421 2225 in
2450 2180 2559 2227 tota
2588 2172 2709 2227 caeli
2740 2174 2950 2243 sphaera
2978 2182 3152 2228 certus
3181 2183 3261 2229 est
3302 2177 3488 2232 orien-

1896 2258 1963 2312 tis
1992 2267 2043 2313 et
2100 2259 2392 2314 occidentis
2444 2260 2610 2325 locus,
2672 2260 2766 2314 sed
2822 2260 3060 2330 quotidie
3115 2263 3348 2318 variatur
3393 2281 3493 2335 per

1897 2348 2074 2402 varios
2103 2347 2321 2419 gradus,
2355 2348 2522 2402 multo
2557 2348 2735 2403 minus
2764 2349 2908 2404 credi
2950 2350 3112 2404 debet
3165 2352 3385 2408 orientis
3439 2362 3492 2409 et

1897 2442 2187 2497 occidentis
2209 2443 2557 2497 mutationem
2606 2443 2909 2498 C(BiBSlibllS
2945 2444 3185 2500 accidere
3213 2447 3486 2512 creaturis,

1898 2530 2092 2599 quibus
2121 2530 2266 2584 nulla
2296 2546 2534 2599 unquam
2566 2530 2854 2587 intervenit
2881 2532 3195 2597 obscuritas,
3229 2536 3321 2589 sed
3340 2552 3490 2590 sem-

1897 2618 2479 2689 piternaindeficientis
2508 2620 2727 2673 luminis
2783 2620 3005 2675 irradiat
3058 2621 3292 2689 claritas,
3352 2624 3488 2679 sicut

1897 2715 2071 2769 David
2094 2717 2353 2785 propheta
2364 2715 2493 2769 dicit
2508 2734 2517 2769 :
2537 2715 2690 2781 Quice
2707 2718 2952 2771 tenebrae
2966 2734 3081 2773 non
3104 2719 3488 2777 obscurabun-

1898 2808 1996 2859 tur
2013 2821 2048 2858 a
2071 2808 2141 2868 te,
2162 2808 2349 2858 etnon:
2360 2806 2508 2858 sicut
2529 2804 2645 2859 dies
2673 2805 3132 2862 illuminabitur:
3162 2809 3307 2864 sicut
3334 2812 3493 2867 tene-

1896 2894 2006 2948 brce
2019 2893 2141 2962 ejus
2160 2894 2240 2947 ita
2264 2896 2319 2947 et
2339 2893 2531 2949 lumen
2553 2894 2674 2963 eius
2697 2893 2869 2962 (Psal.
2886 2900 3124 2965 xxxvm)
3148 2910 3161 2964 ;
3185 2905 3239 2951 et
3252 2898 3441 2954 Daniel
3473 2915 3486 2951 :

1896 2990 2037 3060 Ipse,
2062 2989 2250 3058 inquit,
2266 2990 2481 3044 revelat
2496 2990 2787 3061 profunda
2801 2995 2858 3046 et
2874 2993 3216 3061 abscondita,
3238 2999 3297 3050 et
3330 2998 3492 3053 novit

1893 3078 1957 3132 in
1973 3079 2216 3132 tenebris
2228 3080 2541 3133 constituta
2551 3083 2626 3143 ,et
2640 3080 2744 3134 lux
2757 3094 2881 3135 cum
2894 3096 2915 3135 ι
2925 3096 2955 3135 o
2971 3096 3192 3154 semper
3199 3085 3309 3139 erit
3321 3085 3489 3154 (Dan.

1894 3169 1977 3236 ιι).
2010 3166 2143 3219 Cum
2174 3166 2335 3221 etiam
2367 3166 2516 3221 nulla
2543 3166 2599 3220 in
2627 3167 2765 3222 ccelo
2796 3184 3066 3236 ascensus,
3093 3171 3180 3226 vel
3208 3171 3494 3229 descensus

194 3279 363 3343 nebit,
414 3279 507 3333 illa
558 3294 687 3333 vero
741 3294 862 3348 quae
917 3277 1120 3331 directa
1174 3283 1254 3331 est
1306 3276 1374 3330 ad
1430 3276 1783 3342 occidentem,

1907 3262 2067 3333 possit
2094 3278 2209 3317 esse
2240 3263 2425 3317 localis
2454 3264 2698 3331 mutatio,
2730 3265 3063 3334 apertissime
3108 3267 3272 3339 igitur
3323 3269 3494 3325 cuivis

195 3369 432 3441 primum
462 3376 717 3438 punctum
746 3366 908 3435 primi
937 3365 1138 3438 gradus
1171 3365 1406 3437 Virginis
1435 3364 1716 3435 percutiet.

271 3467 507 3520 Penus.
540 3465 741 3519 Rursus
768 3463 813 3516 si
840 3462 952 3517 sole
982 3464 1123 3517 Aren
1168 3462 1368 3517 civitati
1416 3461 1787 3530 occumbente,

196 3554 343 3626 apud
369 3555 593 3609 alteram
622 3552 891 3608 civitatem
921 3551 1118 3605 lineam
1148 3566 1212 3605 eo
1240 3566 1346 3620 quo
1376 3549 1609 3604 diximus
1629 3550 1791 3605 modo

196 3644 266 3700 ad
296 3643 493 3699 malum
521 3658 689 3711 usque
722 3641 989 3709 utrimque
1019 3639 1315 3706 tendamus,
1373 3646 1596 3708 utraque
1652 3655 1790 3692 sum-

198 3733 357 3787 mitas
384 3731 500 3801 ejus
519 3747 652 3801 quas
680 3730 800 3784 coeli
830 3736 1008 3798 partes
1036 3728 1310 3799 continget
1336 3728 1364 3780 ‘?

270 3831 513 3884 Movsas.
547 3828 680 3897 Quae
708 3828 775 3881 ad
806 3826 1066 3881 orientem
1100 3825 1349 3893 tenditur,
1372 3826 1546 3896 primo
1594 3833 1791 3896 puncto

197 3919 356 3990 primi
388 3917 589 3990 gradus
622 3917 890 3988 Virginis;
917 3931 1037 3984 quae
1056 3930 1184 3970 vero
1211 3914 1279 3968 ad
1310 3914 1642 3970 occidentem
1672 3914 1788 3984 pri-

197 4023 288 4063 mo
317 4017 514 4077 puncto
546 4006 703 4077 primi
734 4012 918 4077 gratus
946 4004 1178 4058 Piscium
1209 4003 1456 4058 occurrit.

268 4106 504 4159 Parens.
529 4106 727 4157 lterum
749 4109 927 4157 autem
948 4100 992 4154 si
1016 4100 1129 4155 sole
1150 4100 1269 4154 urbi
1292 4100 1365 4154 illi
1388 4100 1592 4155 oriente
1622 4100 1793 4154 lineas

198 4194 342 4263 apud
370 4197 509 4248 Aren
533 4193 805 4247 civitatem
834 4190 903 4245 ad
932 4189 1175 4258 ejusdem
1211 4189 1492 4258 orientem,
1543 4196 1595 4243 et
1641 4189 1791 4244 occi-

197 4283 412 4337 dentem
444 4282 719 4337 tendentes
746 4295 915 4350 usque
943 4279 1011 4333 ad
1041 4278 1216 4347 ipsum
1257 4278 1453 4333 caelum
1506 4277 1790 4344 ducamus,

194 4378 420 4440 utraque
447 4370 726 4425 summitas
752 4384 913 4439 quam
943 4367 1066 4423 θεειὶ
1096 4374 1303 4437 partem
1332 4366 1608 4438 continget
1637 4367 1665 4419 ‘?

267 4478 510 4533 Morsns.
544 4476 678 4545 Quae
702 4475 962 4531 orientem
992 4473 1289 4545 continget,
1341 4473 1571 4544 primam
1620 4471 1792 4543 parti-

194 4566 371 4622 culam
400 4565 559 4634 primi
588 4564 788 4637 gradus
816 4562 974 4617 Tauri
1002 4562 1261 4633 percutiet
1292 4577 1306 4631 ;
1341 4577 1461 4631 qua:
1491 4576 1620 4617 vero
1640 4561 1790 4616 occi-

1900 3359 2063 3423 patet,
2098 3351 2329 3421 quodin
2357 3352 2494 3407 coelo
2536 3368 2637 3408 nec
2694 3353 2874 3408 oriens
2926 3355 3014 3421 sit,
3072 3372 3172 3410 nec
3221 3357 3490 3413 occidens.

1899 3440 2019 3509 Quo
2049 3440 2295 3511 probato,
2330 3441 2542 3495 fatuitas
2571 3440 2792 3495 evidens
2847 3450 2927 3495 est
2980 3443 3290 3514 dicentium,
3349 3448 3494 3516 quod

1900 3539 1998 3594 Dei
2029 3539 2177 3594 locus
2205 3539 2458 3594 occidens
2486 3547 2567 3595 est
2588 3540 2678 3595 ubi
2708 3541 2876 3596 stellae
2904 3543 3207 3613 supplicant
3234 3545 3369 3600 Deo.

1963 3646 2211 3701 Movsas.
2244 3645 2388 3700 Licet
2434 3646 2731 3702 manifestis
2792 3647 3055 3720 refragari
3106 3667 3369 3720 nequeam
3397 3668 3491 3709 ra-

1902 3734 2155 3799 tionibus,
2180 3734 2305 3789 volo
2337 3743 2514 3789 tamen
2546 3735 2699 3800 mihi,
2733 3736 2777 3789 si
2831 3737 3025 3807 placet,
3087 3740 3295 3793 ostendi
3350 3757 3491 3810 quo-

1899 3824 2063 3878 modo
2120 3823 2334 3894 probari
2391 3824 2617 3893 possint,
2678 3824 2764 3879 vel
2817 3825 3073 3896 cognosci
3133 3827 3494 3900 longitudines

1899 3913 2209 3967 distantium
2239 3912 2307 3967 ab
2337 3911 2565 3967 invicem
2588 3912 2884 3980 civitatum,
2917 3921 2975 3968 ut
2993 3915 3183 3969 melius
3202 3933 3494 3989 cognosca-

1900 4028 2019 4067 mus
2075 4011 2410 4066 diversitates
2463 4011 2716 4067 horarum
2772 4012 2964 4068 eodem
3022 4020 3261 4085 tempore
3333 4033 3495 4086 super

1901 4100 2116 4156 easdem
2148 4101 2542 4172 apparentium.

1970 4199 2214 4254 Parnus.
2248 4198 2623 4254 Constituamus
2651 4214 2782 4272 ergo
2812 4198 2982 4255 solem
3014 4199 3067 4255 in
3090 4200 3264 4272 primo
3301 4202 3494 4259 Arietis

1901 4294 2117 4359 puncto,
2148 4293 2201 4341 et
2228 4287 2448 4358 incipiat
2471 4286 2585 4341 fieri
2615 4288 2828 4358 eclipsis
2854 4289 2983 4344 solis
3019 4290 3161 4360 apud
3213 4295 3355 4346 Aren
3408 4292 3494 4348 ci—

1900 4375 2139 4443 vitatem,
2174 4376 2349 4446 primo
2379 4384 2574 4446 puncto
2605 4376 2847 4447 septimae
2876 4376 2982 4431 diei
3011 4380 3158 4433 horae
3186 4379 3286 4434 erit
3311 4381 3493 4451 utique

1901 4472 2091 4528 eadem
2120 4474 2254 4527 hora
2283 4472 2489 4544 primus
2519 4474 2709 4529 Cancri
2764 4473 2966 4546 gradus
3022 4475 3078 4531 in
3133 4475 3299 4549 ipsius
3352 4481 3494 4533 Aren

1900 4562 2125 4616 oriente.
2158 4559 2315 4630 Quod
2348 4578 2394 4615 ει
2431 4570 2559 4617 tunc
2616 4578 2772 4618 nosse
2825 4563 3100 4620 desideras
3147 4575 3310 4635 quota
3360 4569 3495 4624 hora

195 4654 411 4710 dentem
467 4634 642 4726 primo
699 4660 898 4724 puncto
952 4650 1115 4721 primi
1192 4650 1394 4722 gradus
1477 4650 1788 4721 Scorpionis
1816 4634 1870 4695 D
1898 4649 2013 4705 ﬁeri
2042 4650 2264 4721 incipiat
2291 4649 2481 4705 eadem
2511 4651 2743 4722 eclipsis,
2775 4652 2918 4723 apud
2946 4653 3106 4708 aliam
3137 4634 3298 4723 quam
3344 4670 3492 4726 prie-

193 4750 456 4799 occurret.

267 4842 502 4894 Parens.
532 4837 587 4893 Si
619 4843 797 4891 autem
826 4836 937 4890 sole
968 4834 1085 4890 urbi
1116 4833 1193 4887 illi
1237 4833 1589 4889 occumbente
1647 4849 1790 4905 prm-

193 4929 394 4984 dictam
421 4927 618 4981 lineam
649 4927 789 4979 Aren
817 4924 1047 4980 civitatis
1074 4922 1330 4993 praedicto
1360 4922 1524 4977 modo
1552 4921 1621 4977 ad
1668 4919 1791 4976 coeli

192 5016 442 5073 cardines
470 5014 747 5081 ducamus,
781 5028 914 5082 quas
942 5012 1188 5081 ejusdem
1225 5009 1350 5066 (ια)Ιὶ
1406 5017 1584 5082 partes
1636 5026 1789 5065 sum-

192 5107 352 5162 mitas
381 5119 607 5175 quisque
637 5101 919 5174 continget
947 5102 975 5155 ‘I

264 5204 510 5258 Movsns.
542 5199 776 5256 Orientis
803 5198 1082 5253 summitas
1109 5197 1319 5252 initium
1378 5195 1537 5268 primi
1589 5196 1790 5269 gradus

195 5291 527 5361 Scorpionis,
578 5288 871 5345 occidentis
924 5302 1054 5343 vero
1109 5285 1318 5341 initium
1372 5284 1533 5357 primi
1588 5284 1789 5357 gradus

193 5380 355 5436 Tauri
384 5379 679 5449 continget.

267 5480 503 5534 Paraus.
527 5478 1027 5548 Nunccognoscere
1048 5480 1217 5545 potes,
1258 5471 1383 5543 quia
1422 5470 1625 5544 gradus
1647 5472 1788 5546 signi

195 5566 287 5637 qui
317 5575 397 5622 est
424 5567 480 5621 in
510 5565 714 5621 oriente
744 5565 858 5620 sole
885 5568 1025 5618 Aren
1064 5561 1264 5617 civitati
1322 5567 1632 5631 apparente,
1681 5576 1790 5616 non

195 5666 277 5714 est
304 5656 448 5710 idem
478 5671 601 5709 cum
634 5669 699 5707 eo
732 5652 822 5721 qui
852 5652 1043 5707 eadem
1072 5652 1205 5706 hora
1243 5648 1333 5704 alii
1380 5648 1579 5704 civitati
1625 5665 1792 5719 appa-

194 5754 304 5803 ret.
344 5743 603 5800 Similiter
630 5740 831 5811 gradus
860 5740 949 5810 qui
998 5747 1079 5794 est
1133 5739 1189 5792 in
1245 5736 1521 5793 occidente
1571 5737 1684 5792 sole
1736 5738 1793 5790 in

194 5839 340 5892 Aren
367 5831 739 5898 occumbente,
771 5846 877 5884 non
907 5837 988 5883 est
1016 5827 1158 5882 idem
1208 5843 1330 5882 cum
1386 5841 1451 5880 eo
1482 5825 1573 5896 qui
1601 5824 1790 5880 eadem

193 5926 329 5983 hora
356 5922 446 5979 alii
476 5928 700 5993 apparet
727 5917 949 5975 civitati.
982 5912 1177 5989 Sicque
1224 5914 1475 5972 omnibus
1527 5913 1791 5986 contingit

1903 4746 2139 4801 diximus
2195 4746 2486 4816 civitatem,
2545 4746 2589 4801 si
2644 4748 2933 4821 diligenter
2986 4749 3257 4819 inspicias,
3316 4752 3491 4824 primo

1902 4836 2101 4906 quinta:
2130 4837 2277 4891 horae
2306 4843 2502 4906 puncto
2524 4836 2766 4891 invenies
2793 4854 2912 4892 eam
2944 4837 3144 4893 ibidem
3191 4838 3307 4893 ﬁeri
3348 4840 3489 4896 inci-

1900 4940 2046 4995 pere,
2078 4923 2376 4993 eodemque
2406 4932 2682 4979 momento
2711 4925 2991 4996 apparebit
3017 4927 3249 4996 primum
3296 4927 3491 4983 Gemi-

1900 5028 2091 5068 norum
2120 5020 2374 5083 punctum
2404 5012 2460 5065 in
2489 5011 2629 5066 illius
2657 5013 2885 5069 civitatis
2934 5014 3157 5083 oriente,
3206 5016 3347 5070 unde
3400 5017 3491 5071 in-

1898 5101 2205 5155 dubitanter
2228 5107 2377 5169 patet
2425 5100 2643 5173 triginta
2696 5102 3047 5174 longitudinis
3100 5103 3301 5176 gradus
3355 5104 3495 5161 inter

1894 5197 2176 5259 utramque
2207 5205 2323 5243 esse
2354 5189 2649 5244 civitatem.
2688 5189 2758 5245 Et
2786 5192 2885 5245 hoc
2931 5190 3148 5260 quidem
3203 5193 3367 5249 modo
3420 5194 3490 5250 ab

1897 5277 2181 5350 astrologis
2200 5278 2469 5333 invenitur
2494 5286 2693 5349 quanta
2721 5279 2860 5334 inter
2903 5279 3039 5335 duas
3090 5280 3334 5338 civitates
3385 5284 3489 5339 ha-

1895 5368 2087 5424 beatur
2114 5367 2412 5439 longitudo.

1966 5473 2212 5528 Mersus.
2244 5473 2455 5545 Magna:
2484 5473 2737 5529 caecitatis
2763 5475 3010 5531 velamen
3037 5475 3105 5531 de
3133 5484 3348 5548 pectore
3367 5493 3492 5536 meo

1898 5561 2150 5627 educens,
2210 5561 2449 5617 veritatis
2516 5562 2788 5618 lucernam
2862 5564 3156 5619 clarissime
3227 5566 3488 5638 infudisti,

1899 5666 2063 5719 quare
2092 5649 2259 5722 digna
2287 5666 2319 5704 a
2346 5651 2463 5707 Deo
2492 5660 2872 5724 compensetur
2896 5652 3172 5709 retributio
3219 5655 3335 5710 tibi.
3385 5657 3494 5712 Sed

1900 5739 2154 5808 quoniam
2183 5739 2428 5809 superius
2453 5740 2651 5796 dixisse
2682 5749 2732 5796 te
2760 5741 2979 5796 memini
3025 5744 3167 5797 Aren
3219 5742 3490 5799 civitatem

1899 5826 1957 5881 in
1984 5827 2165 5883 medio
2195 5828 2317 5883 caeli
2346 5829 2728 5901 hemisphaerio
2764 5830 2941 5899 sitam,
2980 5831 3055 5885 ita
3114 5839 3170 5886 ut
3213 5833 3492 5901 aequaliter

1899 5916 1969 5972 ab
1996 5916 2249 5973 omnibus
2276 5917 2518 5989 partibus
2545 5919 2722 5989 distet,
2753 5926 2808 5975 et
2834 5918 2890 5974 in
2918 5919 3093 5992 primo
3121 5926 3329 5991 septem
3374 5920 3479 5977 cli-
