3966 6446
473 417 580 473 547

475 647 600 685 nem
622 630 946 686 lucidissime
966 631 1271 701 ostendens,
1315 632 1387 686 ita
1433 649 1520 686 me
1555 633 1722 688 facias
1750 633 2071 706 intelligere,

473 727 534 774 ut
559 719 747 776 videar
774 720 906 774 mihi
937 719 992 774 in
1021 720 1211 776 eadem
1239 720 1372 774 urbe
1402 721 1714 778 consistere.
1745 723 1881 778 Cum
1928 723 2073 778 enim

475 817 624 873 dicas
650 820 792 874 Aren
821 817 878 872 in
905 817 1087 873 medio
1117 825 1272 874 teme
1326 817 1577 890 positam,
1635 819 1941 892 signiﬁcare
1994 821 2074 877 vi-

479 920 622 976 deris
650 919 816 989 ipsius
845 927 1000 975 terrae
1028 919 1364 992 superﬁciem
1397 937 1511 976 esse
1569 922 1807 992 planam,
1868 939 1936 977 ex
1991 940 2075 978 ra-
2103 947 2108 954 -

475 1009 618 1064 tione
647 1024 776 1063 vero
807 1008 1027 1063 orientis
1084 1017 1138 1064 et
1192 1009 1484 1064 occidentis
1537 1012 1815 1080 prmmissa
1861 1010 2075 1083 signiﬁ-

471 1113 692 1154 caveras
749 1104 942 1152 terram
1011 1099 1391 1153 rotunditatem
1457 1098 1658 1154 habere
1733 1100 2072 1171 sphaericam.

472 1195 646 1252 Omne
676 1204 855 1251 autem
885 1195 1174 1252 rotundum
1205 1197 1472 1267 principio
1501 1205 1648 1252 caret
1675 1213 1738 1253 ac
1791 1195 1918 1265 ﬁne,
1979 1198 2076 1252 sed

469 1284 800 1355 ubicumque
828 1284 1155 1356 principium
1185 1285 1382 1355 quaeris
1412 1285 1496 1340 vel
1529 1286 1837 1356 terminum,
1869 1287 2071 1342 ibidem

467 1373 656 1445 procul
681 1373 848 1428 dubio
875 1373 1120 1428 invenies
1147 1381 1202 1428 et
1228 1374 1494 1428 medium.

538 1499 782 1554 Pnrnus.
817 1497 1110 1554 Considera
1131 1498 1296 1571 igitur
1323 1501 1462 1554 Aren
1493 1499 1548 1553 in
1579 1499 1669 1554 tali
1703 1499 1820 1555 loco
1846 1501 2070 1571 sphaerae

471 1589 736 1644 terrestris
762 1605 899 1655 esse,
929 1595 990 1642 ut
1033 1597 1086 1642 et
1141 1589 1211 1643 ab
1267 1588 1560 1657 aquilonali
1618 1596 1671 1643 et
1726 1589 1795 1644 ab
1852 1589 2068 1644 australi

465 1694 746 1766 aequaliter
771 1696 898 1767 polo
927 1695 1087 1750 distet
1114 1703 1359 1765 utroque,
1407 1703 1458 1750 et
1514 1711 1612 1766 per
1656 1695 1894 1750 medium
1950 1695 2070 1765 ejus

465 1785 705 1856 quotidie
763 1793 1032 1840 transeant
1085 1785 1192 1840 duo
1251 1785 1425 1856 prima
1482 1792 1679 1855 puncta
1743 1785 1936 1839 Arietis
2017 1791 2069 1838 et
2175 1831 2182 1838 .

463 1883 659 1938 Librae.
693 1883 928 1938 Habebit
958 1883 1122 1955 igitur
1149 1883 1219 1937 ad
1235 1889 1520 1952 utrumque
1542 1883 1748 1953 polum,
1772 1883 2068 1954 nonaginta
2096 1895 2151 1956 Β

461 1973 684 2046 gradus,
718 1973 924 2042 eritque
955 1973 1028 2026 ita
1057 1975 1198 2026 Aren
1220 1973 1274 2026 in
1295 1973 1470 2044 prima
1489 1980 1642 2044 parte
1671 1973 1832 2044 primi
1873 1973 2068 2028 clima-

465 2063 550 2130 tis,
583 2069 844 2132 quantum
877 2061 946 2116 ad
974 2060 1390 2132 longitudinem.

533 2186 779 2241 Mersus.
814 2185 893 2238 Ex
923 2183 1104 2241 verbis
1134 2182 1235 2238 tuis
1263 2183 1533 2256 colligitur
1571 2181 1716 2254 quod
1783 2189 1890 2238 tota
1945 2200 2070 2255 pars

463 2281 618 2331 terra;
647 2273 962 2330 habitabilis
990 2273 1046 2327 in
1074 2290 1180 2328 una
1213 2279 1416 2328 tantum
1447 2279 1596 2344 parte
1627 2273 1898 2328 consistat.
1930 2273 2068 2328 Volo

461 2362 643 2434 itaque
673 2378 829 2418 nosse
862 2378 1111 2432 quaenam
1143 2361 1210 2416 sit
1241 2361 1352 2416 illa.

533 2493 770 2548 Panas.
804 2493 848 2546 A
874 2490 1056 2548 medio
1088 2497 1242 2547 terra:
1271 2491 1340 2546 ad
1397 2497 1606 2562 partem
1663 2489 2064 2562 septentrionis.

530 2604 778 2658 Marsus.
813 2602 1155 2658 Geometrica
1201 2601 1376 2674 ﬁgura
1431 2603 1536 2657 hoc
1591 2601 1724 2656 mihi
1781 2603 2065 2657 monstrari

459 2691 744 2750 visibiliter
767 2692 928 2763 cupio
960 2692 1214 2762 quoniam
1245 2691 1313 2745 de
1343 2693 1444 2746 hac
1480 2708 1539 2746 re
1568 2691 1816 2746 diversas
1871 2699 2064 2763 gentes

460 2798 529 2837 ex
559 2781 818 2836 librorum
871 2781 1085 2852 scriptis
1137 2779 1352 2836 diversa
1407 2779 1637 2836 sensisse
1692 2797 1799 2836 non
1853 2781 2061 2837 dubito.

461 2877 710 2950 Quinque
741 2879 902 2934 etiam
934 2894 1190 2934 zonarum
1221 2879 1508 2950 partitione
1550 2879 1798 2934 dividunt
1845 2887 2060 2947 terram,

459 2983 687 3038 quarum
716 2967 952 3023 mediam
980 2968 1110 3023 solis
1137 2968 1315 3024 calore
1343 2975 1636 3037 perustum,
1671 2974 1723 3022 et
1751 2968 1873 3023 ideo
1903 2969 2062 3023 inha-

455 3055 739 3112 bitabilem
767 3056 971 3126 dicunt,
1004 3055 1138 3111 duas
1166 3072 1380 3126 quoque
1409 3064 1679 3112 extremas
1725 3073 1758 3112 a
1812 3057 1924 3112 sole
1979 3072 2063 3110 re-

455 3159 782 3214 motissimus
812 3175 922 3230 prae
953 3159 1173 3231 frigoris
1205 3159 1570 3214 immensitate
1601 3158 1849 3213 similiter
1897 3159 2060 3214 inha-

453 3247 984 3353 bitabilesnprobant,
1017 3248 1150 3303 duas
1179 3255 1358 3304 autem
1374 3248 1755 3353 ‘media‘silli‘u's;
1783 3249 1980 3353 calore‘
2007 3255 2060 3347 et
2089 3253 2138 3317 C
2167 3295 2289 3332 cum
2357 3279 2436 3333 801
2505 3281 2572 3334 ad
2638 3297 2732 3335 sex
2799 3247 3123 3336 τήθτίάίαῇωί
3161 3281 3340 3353 plagg
3401 3247 3573 3353 gigna;

453 3336 668 3393 illarum
698 3337 900 3410 frigore
931 3344 1276 3408 temperatas,
1309 3337 1452 3392 solas
1497 3337 1820 3392 habitabiles
1869 3337 2057 3408 perhi-

452 3439 586 3496 bent
611 3457 747 3496 esse.

524 3569 766 3626 Pnraus.
803 3569 1002 3642 Opinio
1061 3567 1160 3623 ista
1217 3569 1364 3622 visus
1419 3567 1596 3624 obstat
1648 3567 1879 3624 effectui.
1929 3568 2058 3624 Visu

455 3658 599 3714 enim
630 3657 924 3730 probamus
951 3660 1090 3712 Aren
1125 3657 1178 3712 in
1202 3657 1384 3713 medio
1417 3665 1572 3713 terrae
1609 3657 1789 3726 sitam,
1839 3666 1894 3712 et
1948 3657 2059 3712 ini-

453 3747 587 3802 tium
619 3747 812 3802 Arietis
869 3755 922 3802 et
977 3747 1154 3802 Librae
1209 3761 1376 3816 super
1430 3763 1550 3802 eam
1609 3755 1755 3802 recta
1803 3747 2057 3819 progredi

453 3848 615 3920 linea,
648 3867 936 3920 acremque
969 3850 1043 3904 ibi
1077 3849 1582 3920 temperatissimum
1615 3865 1748 3917 esse,
1809 3851 1945 3905 adeo
1999 3857 2059 3905 ut

452 3940 614 4007 veris,
647 3940 865 4008 aestatis,
903 3938 1167 4006 autumni,
1199 3945 1251 3992 et
1279 3939 1491 4006 hiemis,
1542 3955 1758 4010 semper
1812 3939 1888 3994 ibi
1941 3939 2054 3994 fere

453 4047 665 4115 tempus
711 4041 778 4097 sit
827 4041 1057 4112 aequale,
1090 4039 1165 4095 ibi
1221 4041 1528 4096 aromaticaa
1584 4041 1792 4112 species
1845 4041 2056 4111 pulchri

451 4130 648 4188 coloris
675 4139 730 4186 et
757 4129 998 4186 melliilui
1029 4135 1319 4184 nascuntur
1353 4130 1581 4200 saporis.
1640 4130 1879 4201 Corpora
1929 4147 2056 4202 quo-

451 4249 556 4304 que
585 4232 872 4291 hominum
899 4249 1009 4289 non
1037 4231 1324 4287 macilenta
1354 4231 1426 4286 ibi
1457 4239 1580 4287 sunt
1607 4231 1769 4286 nimis
1805 4240 1899 4288 aut
1925 4233 2052 4305 pin-

448 4329 599 4403 guia,
625 4329 720 4387 sed
747 4329 1035 4387 maliocris
1061 4328 1206 4384 SUCI'l
1234 4327 1554 4384 discretione
1609 4328 1826 4385 decora.
1887 4331 2053 4386 Tem-

449 4437 600 4511 poris
655 4449 872 4506 quoque
929 4430 1216 4503 temperies
1270 4431 1552 4487 hominum
1636 4449 1866 4504 corpora
1946 4433 2052 4489 sibi

447 4541 687 4584 consona
713 4522 909 4589 reddit,
941 4527 996 4575 et
1019 4535 1240 4590 pecora,
1273 4519 1400 4590 quia
1428 4519 1687 4577 ineffabili
1717 4523 1924 4594 pollent
1959 4539 2052 4579 sa-

446 4615 654 4688 pientia
690 4619 743 4669 et
794 4609 1023 4666 naturali
1071 4608 1299 4678 justitia.
1354 4607 1642 4678 Quomodo
1699 4611 1863 4684 igitur
1908 4613 2052 4682 quis-
2076 4618 2132 4681 D

447 4731 612 4788 quam
632 4712 813 4768 dicere
832 4713 1123 4782 praesumat
1149 4707 1328 4762 locum
1359 4723 1523 4776 super
1568 4724 1728 4778 quem
1779 4709 1859 4764 sol
1905 4718 2052 4766 recta

446 4801 685 4877 praeterit
737 4799 882 4854 linea
931 4793 1340 4851 inhabitabilem
1398 4812 1515 4851 esse
1544 4796 1572 4849 ‘?
1628 4797 1812 4852 Potius
1882 4804 2052 4853 totum

445 4901 599 4951 terra;
626 4886 920 4946 habitabile
969 4883 1202 4955 spatium
1251 4884 1431 4938 existit
1475 4886 1788 4941 continuum
1835 4901 1867 4942 a
1903 4903 2049 4957 prae-

445 4996 590 5052 dicto
619 4994 740 5050 loco
767 5005 936 5059 usque
967 4985 1037 5042 ad
1082 4986 1559 5056 septentrionalem
1607 4989 1855 5060 globum,
1907 4990 2052 5060 quod

445 5083 648 5154 antiqui
679 5083 734 5136 in
778 5085 987 5150 septem
1042 5075 1341 5131 diviserunt
1395 5084 1594 5146 partes,
1654 5095 1788 5148 quas
1843 5088 2050 5148 septem

442 5175 663 5231 climata
715 5172 1064 5232 vocaverunt,
1121 5164 1418 5220 secundum
1474 5183 1757 5223 numerum
1841 5176 2052 5240 septem

442 5265 806 5336 planetarum.
870 5256 1110 5312 Primum
1167 5269 1236 5309 ex
1295 5255 1400 5310 illis
1446 5263 1526 5310 est
1569 5255 1627 5310 in
1663 5257 1846 5312 media
1886 5258 2046 5327 linea,

441 5361 536 5418 ubi
564 5363 708 5418 Aren
737 5358 925 5415 civitas
973 5364 1052 5411 est
1105 5355 1341 5418 condita,
1399 5354 1686 5424 septimum
1743 5363 1921 5411 autem
1967 5373 2051 5412 se-

443 5448 818 5520 ptentrionalis
862 5445 1009 5502 orbis
1055 5451 1201 5500 tenet
1244 5451 1568 5509 extremum,
1642 5444 1852 5514 reliqua
1919 5461 2047 5501 vero

444 5545 685 5600 medium
714 5543 986 5598 continent
1013 5539 1276 5612 spacium.
1308 5540 1500 5594 Nullus
1555 5546 1636 5594 est
1679 5538 2050 5596 inhabitabilis

445 5631 616 5698 locus,
649 5631 752 5687 nisi
780 5631 873 5686 ubi
894 5631 980 5686 vel
1009 5629 1296 5684 multarum
1327 5643 1610 5684 arenarum
1661 5629 1876 5685 siccitas
1922 5647 2048 5686 cum

451 5747 590 5802 aqua
617 5731 854 5796 modica,
884 5731 970 5786 vel
997 5730 1263 5786 montium
1293 5731 1554 5802 asperitas
1581 5732 1742 5786 aratri
1787 5748 1895 5788 non
1942 5749 2046 5804 pa-

453 5819 580 5874 titur
619 5834 803 5874 onera.
843 5819 972 5874 Haec
1003 5819 1189 5876 omnia
1225 5826 1406 5874 autem
1420 5819 1845 5888 oculissubjecta
1871 5819 2049 5894 ﬁgura

453 5914 784 5974 demonstrat
811 5931 826 5973 :

1409 419 1613 474 PETRI
1651 419 1996 477 ALPHONSI
2035 421 2135 476 EX
2171 421 2412 480 ΠΗ)Εο
2453 423 2850 481 CHRISTIANI

474 548 680 598 metum
709 556 826 596 esse
854 541 1104 612 positam,
1135 541 1260 597 volo
1286 550 1344 596 ut
1371 543 1532 612 hujus
1577 544 1710 598 situs
1754 545 2078 616 descriptio-
2107 544 2164 605 A

3684 433 3786 487 5‘8

2746 702 3209 811 ’πιππΕέ

2542 796 2548 802 ν
2804 717 3209 811 ῙΛΕΒΠΠΕδ

2471 711 2804 865 /

2346 983 2392 1054 Ι

2615 1014 2862 1070 Medietas
2888 1025 3032 1070 terra
3063 1013 3401 1074 inhabitabilii

2591 1081 2699 1130 bra
2719 1082 2873 1133 nimio
2893 1083 3080 1136 calore.

2625 1261 2845 1315 Primum
2868 1263 3012 1316 clima
3035 1265 3332 1320 habitabile.

2619 1325 2907 1389 §ecundum
2932 1330 3078 1381 clima

2616 1385 2845 1444 Tertium
2869 1391 3030 1441 clima.

2605 1450 2847 1572 guartum
2877 1453 3042 1504 clima.

2660 1515 2853 1564 uinwm
2879 1515 3042 1566 clima.

2660 1515 2853 1564 uinwm
2879 1515 3044 1566 clima.

2606 1574 2816 1635 Sextum
2839 1576 3000 1635 clima.

2601 1633 2880 1688 Samnium
2902 1633 3049 1691 cum

2234 1157 2372 1328 [ἕ

2280 1684 2282 1690 ,
2601 1633 2880 1688 ςεύιὶωυηι
2902 1632 3049 1691 cum
3617 1629 3688 1686 αδ

3643 1272 3717 1382 ἓξ

3651 1387 3718 1463 Ξ

3633 1463 3712 1582 ἓ

3617 1581 3697 1686 οἷ

2236 1629 2348 1893 \
2601 1633 2880 1688 Samnium
2902 1632 3049 1691 cum

3179 1972 3528 2190 /

2304 2267 2626 2325 Extremitas
2653 2271 3088 2342 septentrionalis
3115 2271 3421 2330 inhabitalis
3448 2270 3646 2344 frigore

2176 2446 2483 2513 ostendens,
2515 2463 2640 2504 meo
2686 2448 2991 2506 satisfecisti
3041 2449 3326 2507 desiderio.
3382 2449 3536 2524 Rogo
3589 2449 3770 2520 itaque

2175 2535 2310 2590 mihi
2341 2536 2610 2605 ostendas,
2643 2554 2806 2608 quare
2855 2539 2941 2596 vel
2992 2539 3085 2596 illa
3133 2556 3256 2612 pars
3309 2548 3461 2596 terrae
3513 2555 3633 2610 quae
3685 2545 3770 2594 est

2176 2623 2314 2678 ultra
2342 2628 2486 2679 Aren
2524 2626 2594 2680 ad
2645 2627 2928 2683 meridiem
2977 2644 3086 2684 non
3133 2629 3414 2697 incolatur,
3469 2634 3626 2700 prout
3665 2626 3770 2682 ista

2175 2727 2296 2781 quae
2331 2721 2411 2768 est
2438 2715 2570 2770 citra
2601 2715 2669 2770 ad
2699 2717 3139 2788 septentrionem,
3170 2725 3230 2772 ut
3256 2717 3359 2772 ista
3402 2719 3541 2773 Aren
3594 2716 3665 2770 sit
3711 2716 3771 2770 in

2174 2802 2356 2857 medio
2385 2803 2696 2859 habitabilis
2722 2805 2979 2876 regionis,
3011 2807 3096 2862 vel
3127 2822 3290 2876 quare
3320 2821 3443 2878 pars
3499 2805 3587 2860 illa
3646 2820 3768 2874 quia

2173 2898 2256 2944 est
2281 2891 2440 2956 ultra,
2465 2908 2572 2948 non
2600 2901 2680 2947 est
2700 2893 3028 2960 habitabilis,
3076 2903 3129 2950 et
3183 2895 3276 2951 illa
3331 2910 3452 2964 qua:
3509 2894 3642 2950 citra
3685 2899 3772 2948 est

2171 2995 2355 3034 versus
2383 2981 2692 3050 aquilonem
2721 2982 3112 3038 inhabitabilis.

2241 3101 2485 3157 PBTRUS.
2519 3099 2789 3172 Quoniam
2821 3111 3062 3159 centrum
3093 3103 3275 3160 circuli
3303 3103 3431 3160 solis
3483 3111 3560 3158 est
3609 3111 3771 3159 extra

2172 3195 2413 3244 centrum
2461 3191 2644 3246 circuli
2703 3200 2858 3248 teme
2903 3208 2936 3247 a
2981 3193 3356 3264 septentrionis
3400 3200 3570 3263 parte,
3621 3192 3773 3247 unde

3641 3297 3774 3350 quae

2167 3373 2288 3421 sunt
2316 3384 2346 3422 a
2377 3367 2535 3424 Libra
2557 3368 2624 3423 ad
2653 3369 2884 3425 Arietem
2917 3369 3269 3438 descenderit,
3303 3369 3428 3440 quia
3448 3377 3570 3424 tunc
3605 3377 3772 3426 terrae

2164 3456 2385 3527 propior
2412 3464 2510 3521 est,
2542 3458 2814 3513 vicinitate
2843 3459 3038 3513 caloris
3094 3467 3288 3514 terram
3337 3475 3582 3526 exurens,
3635 3474 3772 3513 om-

2166 3545 2314 3598 nium
2343 3561 2521 3601 rerum
2553 3545 2898 3602 infecundam
2931 3555 2982 3603 et
3011 3548 3235 3603 omnino
3273 3548 3506 3602 sterilem
3561 3546 3770 3616 reddit,

2166 3638 2395 3708 ideoque
2415 3639 2782 3696 inhabitabilis
2809 3641 3006 3696 existit.
3031 3643 3074 3696 A
3105 3641 3278 3713 primo
3334 3641 3498 3713 igitur
3546 3641 3774 3696 climate

2166 3745 2332 3797 usque
2363 3728 2430 3782 ad
2457 3730 2874 3800 septentrionem
2905 3730 3198 3786 habitabile
3227 3731 3481 3784 remansit
3528 3729 3771 3802 spatium

2163 3817 2470 3872 climatibus
2506 3826 2714 3890 septem
2773 3819 3100 3874 distinctum.
3162 3817 3435 3889 Quidquid
3493 3825 3672 3873 autem
3736 3835 3774 3874 a

2163 3906 2394 3974 septimo
2425 3907 2659 3976 climate,
2691 3924 2814 3962 cum
2842 3909 2922 3962 sol
2988 3894 3112 3962 inde
3169 3907 3238 3963 ad
3291 3921 3388 3962 sex
3444 3907 3768 3963 meridianae

2161 3995 2329 4064 partis
2357 3995 2514 4067 signa
2543 3996 2794 4065 declinat,
2827 3996 2985 4052 totius
3029 3996 3223 4051 caloris
3274 4011 3466 4066 expers
3515 4003 3770 4052 remanet

2162 4081 2510 4154 abundatque
2541 4085 2820 4154 imbrium,
2856 4085 3080 4140 nubium
3110 4091 3164 4139 et
3219 4083 3435 4157 frigoris
3481 4084 3771 4156 superﬂui-

2161 4178 2288 4240 tate,
2343 4172 2486 4228 unde
2544 4181 2598 4228 et
2639 4175 2817 4230 omnis
2870 4165 3322 4230 animalis'caret
3389 4173 3755 4230 habitatione.

2159 4259 2449 4328 Quomodo
2479 4270 2660 4317 autem
2687 4271 2930 4318 centrum
2950 4262 3134 4318 circuli
3170 4263 3300 4318 solis
3325 4269 3476 4318 extra
3509 4269 3764 4320 centrum

2160 4349 2346 4404 circuli
2379 4358 2534 4407 terrm
2580 4351 2666 4420 sit,
2724 4368 2758 4408 a
2813 4358 2966 4424 parte
3021 4351 3416 4424 septentrionis,
3468 4351 3639 4407 oculis
3670 4369 3762 4408 su-

2157 4437 2340 4508 bjecta
2369 4448 2554 4511 aperte
2583 4439 2916 4498 demonstrat
2943 4439 3230 4512 descriptio
3259 4457 3276 4502 ;

2547 4841 2747 5010 Ὣρδθ
2870 4849 3174 5004 (δέ).

2461 4956 3026 5129 ,ἕρδον
3089 4955 3282 5136 ςίῗοι
3501 5076 3537 5104 .

2456 5109 2624 5175 θ’θ’
3143 5105 3248 5196 ’⁸ο
3485 5203 3492 5210 ,
3524 5137 3590 5231 ἒξ

2318 5216 2472 5396 ἕο
2648 5263 2894 5348 εαιιτιῖ
2940 5183 3370 5356 certe?

2325 5393 2414 5521 vi
2937 5412 2989 5463 Ο

2363 5525 2430 5608 Ψ
3308 5540 3329 5559 ⁷
3563 5571 3572 5610 :
