3966 6468
243 461 349 515 549

1731 432 2042 491 DIALOGI.

3427 429 3533 485 550

312 583 567 636 Movsss.
599 577 732 633 Rem
761 574 1028 639 hactenus
1058 568 1366 641 ignoratam
1414 561 1594 628 brevi,
1626 562 1723 615 sed
1754 560 1831 615 ιιι·
1857 561 1912 620 Α
1941 565 2125 613 autem
2154 555 2286 610 nulli
2314 555 2570 612 convenit
2598 555 2700 621 rei,
2734 555 2835 610 nisi
2870 570 2992 626 quae
3018 572 3082 611 ex
3110 563 3345 626 quatuor
3377 569 3533 610 com-

244 670 463 727 culenta
484 665 635 730 mihi,
667 662 869 735 gratias
886 674 1014 731 ago,
1040 654 1399 711 demonstrati
1418 652 1648 714 ratione,
1670 649 1834 704 satis-

244 774 347 831 que
378 757 485 812 illis
514 767 841 823 responsum
864 764 986 804 esse
1003 747 1181 811 video,
1216 743 1306 814 qui
1325 741 1481 797 aliter
1496 740 1838 810 aliquatenus

246 857 314 912 de
343 864 503 909 terra:
524 850 766 905 sentiunt
794 844 1090 901 divisione.

320 945 567 998 Psrnus.
598 936 832 1007 EXpleto
865 933 964 988 Dei
994 938 1124 986 nutu
1172 925 1430 1000 prmsenti
1460 936 1739 988 sermone,
1771 920 1841 975 ad

248 1039 591 1116 prepositum
629 1035 760 1088 libet
792 1031 996 1085 redire.

323 1132 568 1184 Mersus.
601 1124 841 1195 Dignum
870 1132 1071 1175 censeo
1085 1156 1099 1169 .

323 1218 565 1271 Parens.
603 1210 785 1267 Vestri
816 1209 1066 1264 doctores
1096 1204 1151 1258 in
1181 1200 1445 1257 doctrinae
1478 1198 1621 1254 libro
1665 1194 1842 1261 tertio,

255 1308 429 1362 Deum
458 1304 515 1358 in
544 1302 665 1356 loco
693 1314 819 1354 esse
865 1300 1117 1352 asserunt
1144 1307 1238 1347 sex
1261 1288 1504 1361 partibus
1536 1284 1848 1349 terminato,

254 1393 589 1450 afﬁrmantes
631 1385 946 1455 testimonio
995 1386 1100 1437 boc
1144 1377 1386 1434 Danielis
1432 1370 1528 1447 qui
1556 1376 1669 1430 ait:
1713 1372 1850 1427 Cum

256 1499 321 1555 eg
327 1482 549 1537 rederer
560 1493 684 1534 ecce
694 1472 1279 1548 princepsercorum
1292 1468 1574 1537 ingressus
1585 1466 1669 1519 est
1683 1463 1849 1555 Dan.

255 1550 348 1640 xv.)
392 1567 712 1637 Concipiunt
757 1563 900 1619 enim
945 1576 1017 1616 ex
1069 1560 1172 1614 hoc
1224 1557 1347 1627 quia
1396 1555 1449 1608 in
1485 1554 1608 1609 loco
1638 1550 1729 1605 tali
1770 1555 1854 1604 est

264 1660 431 1723 Deus,
463 1656 556 1712 ubi
584 1652 838 1709 introitus
886 1650 953 1704 sit
998 1654 1053 1703 et
1100 1646 1295 1701 exitus.
1348 1642 1505 1712 Quod
1547 1641 1597 1695 si
1628 1640 1706 1694 ita
1747 1644 1850 1702 est,

261 1763 413 1828 patet
477 1767 614 1823 ergo
663 1748 795 1821 quia
862 1747 917 1801 in
970 1746 1091 1801 loco
1150 1743 1411 1799 consistat
1468 1755 1563 1793 sex
1610 1736 1855 1807 partibus

262 1825 579 1900 terminato.
620 1839 676 1893 Si
718 1852 851 1892 vero
883 1834 1170 1889 terminato
1212 1826 1681 1886 circumscribitur
1711 1825 1853 1889 loco,

264 1942 394 1989 tunc
423 1929 623 2000 aliquis
651 1927 803 1982 locus
852 1940 1056 1979 vacuus
1098 1929 1181 1976 est
1228 1937 1256 1973 a
1286 1920 1429 1973 Deo.
1485 1915 1641 1985 Quod
1671 1914 1718 1967 si
1746 1920 1849 1979 est,
1882 1912 1936 1974 B

267 2021 542 2093 quomodo
573 2015 674 2072 scit
703 2014 839 2086 quid
858 2011 916 2065 fit
946 2012 999 2064 in
1029 2010 1134 2065 alio
1164 2009 1288 2063 loco
1328 2005 1423 2062 ubi
1454 2006 1571 2076 ipse
1614 2018 1724 2058 non
1752 2008 1855 2065 est,

268 2128 364 2176 aut
391 2116 665 2189 quomodo
695 2120 953 2183 operatur
983 2110 1038 2163 in
1069 2123 1133 2164 eo
1163 2109 1191 2161 ‘2

341 2210 589 2263 Morsss.
626 2205 805 2259 Potest
839 2200 1039 2271 quippe
1072 2194 1390 2267 sapientiam
1420 2192 1579 2248 talem
1600 2198 1651 2245 et
1671 2189 1865 2245 volun-

270 2306 437 2353 tatem
469 2294 693 2360 haberc,
726 2298 784 2345 ut
831 2288 980 2360 quod
1023 2286 1152 2340 alibi
1181 2293 1261 2340 est
1303 2292 1357 2339 et
1389 2298 1488 2353 per
1545 2278 1865 2350 sapientiam

274 2386 437 2451 norit,
470 2390 525 2438 et
553 2397 649 2453 per
679 2378 1017 2435 voluntatem
1044 2381 1327 2445 operetur.

349 2474 587 2528 PBTBUS.
636 2466 773 2523 Volo
800 2465 967 2537 igitur
1005 2462 1135 2516 mihi
1166 2459 1527 2530 respondeas,
1567 2466 1746 2513 utrum
1776 2456 1870 2511 illa

279 2569 547 2643 sapientia
573 2575 734 2638 atque
764 2564 1015 2619 voluntas
1037 2560 1145 2615 sint
1173 2559 1227 2613 in
1257 2574 1324 2613 eo
1354 2567 1405 2613 et
1434 2573 1556 2614 cum
1585 2558 1705 2628 ipso
1726 2571 1871 2611 sem-

280 2676 401 2732 per,
434 2674 503 2713 an
560 2663 711 2711 extra
754 2652 927 2720 illum,
977 2658 1032 2705 et
1069 2649 1148 2703 sic
1188 2663 1403 2719 quoque
1459 2647 1577 2701 sine
1624 2646 1768 2715 ipso.
1808 2643 1873 2698 Si

282 2748 428 2804 enim
458 2746 611 2801 dicas
642 2742 785 2815 quod
816 2741 870 2795 in
893 2756 959 2795 eo
989 2739 1117 2799 sint,
1141 2745 1194 2792 et
1213 2752 1321 2791 non
1343 2743 1497 2791 extra
1528 2734 1704 2798 illum,
1728 2733 1872 2787 idem

285 2838 354 2893 de
383 2836 463 2892 eis
492 2833 778 2905 proveniet
807 2828 952 2902 quod
980 2827 1048 2882 de
1079 2827 1219 2896 ipso,
1250 2825 1378 2896 quia
1395 2825 1572 2879 nonin
1599 2823 1747 2878 omni
1775 2820 1877 2876 erit

287 2937 428 2991 loco.
465 2931 751 3002 Quomodo
780 2943 917 3000 ergo
953 2926 1095 2981 scire
1125 2931 1305 2995 potest
1336 2923 1462 2993 quid
1507 2922 1634 2976 alibi
1671 2920 1740 2973 sit
1786 2925 1880 2974 aut

289 3024 511 3097 cperari
534 3022 562 3076 ?
591 3021 647 3076 Si
672 3035 806 3074 vero
836 3017 990 3072 dicas
1019 3021 1169 3069 extra
1210 3013 1363 3066 illum
1393 3027 1517 3066 esse
1564 3018 1617 3065 et
1662 3023 1881 3064 omnem

287 3121 472 3178 locum
502 3119 747 3189 implere,
796 3124 922 3169 tunc
964 3112 1151 3168 abillo
1181 3117 1307 3164 sunt
1362 3110 1624 3163 diversae.
1691 3106 1884 3161 Sciunt

288 3211 431 3267 enim
462 3207 665 3280 aliquid
695 3204 840 3277 quod
883 3201 1057 3256 nescit
1086 3202 1225 3269 ipse,
1262 3205 1315 3252 et
1342 3205 1640 3267 operantur
1679 3210 1776 3265 per
1824 3208 1883 3248 se

295 3300 441 3373 quod
472 3314 578 3351 non
606 3302 866 3365 operatur
916 3290 1062 3359 ipse.
1111 3289 1282 3360 Igitur
1313 3287 1430 3357 ipse
1474 3284 1787 3348 creatrices,
1834 3289 1887 3336 et

293 3404 403 3443 non
433 3386 644 3456 indiget
666 3380 898 3439 mundus
933 3380 1072 3433 Deo.

369 3478 618 3531 Movsss.
662 3474 889 3525 Possunt
919 3467 1137 3540 quidem
1169 3466 1223 3519 in
1253 3481 1319 3520 eo
1343 3480 1484 3529 esse,
1505 3469 1559 3518 et
1584 3463 1639 3517 in
1669 3477 1887 3518 omnem

293 3575 475 3632 locum
504 3571 728 3627 sciendo
756 3577 810 3623 et
836 3565 1117 3637 operando
1159 3563 1412 3627 emicare,
1464 3569 1522 3616 ut
1555 3562 1637 3616 sol
1682 3577 1804 3616 cum
1834 3560 1889 3614 iu

297 3680 407 3721 uno
436 3662 701 3719 consistat
732 3658 873 3721 loco,
908 3655 1089 3709 radios
1120 3660 1304 3707 tamen
1329 3666 1724 3722 usquequaque
1754 3649 1889 3706 cale.

297 3751 551 3809 faciendo
589 3746 854 3813 diffundit,
890 3754 941 3799 et
970 3742 1345 3798 illuminando.

373 3842 613 3896 Parens.
635 3837 690 3892 Si
706 3837 779 3890 ita
792 3842 891 3901 est,
910 3831 1150 3903 sequitur
1164 3846 1295 3903 ergo
1330 3828 1477 3900 quod
1505 3827 1596 3882 illa
1624 3827 1893 3898 sapientia

302 3948 465 4011 atque
514 3937 760 3992 voluntas
801 3948 912 3987 non
978 3929 1257 4001 aequaliter
1312 3927 1514 3998 ubique
1561 3926 1884 3982 consistant.

306 4026 581 4097 Quidquid
607 4025 752 4080 enirn
782 4023 857 4075 ita
891 4017 1230 4083 diffunditur,
1281 4032 1389 4069 non
1421 4015 1669 4070 eamdem
1697 4015 1808 4069 vim
1840 4014 1894 4068 in

302 4118 492 4173 ultimo
523 4130 684 4185 quam
714 4112 769 4165 in
800 4126 899 4164 suo
941 4108 1100 4162 habet
1144 4104 1431 4177 principio,
1481 4105 1627 4175 quod
1674 4104 1898 4160 minime

305 4204 560 4262 convenit
589 4204 723 4257 Deo.
783 4198 1054 4268 Quoniam
1103 4194 1323 4266 quidem
1369 4201 1547 4247 autem
1607 4193 1896 4247 terminum

306 4295 421 4350 Deo
451 4293 734 4364 imponere
775 4286 1006 4351 audetis,
1042 4284 1247 4339 utinam
1280 4281 1367 4338 vel
1400 4281 1656 4351 simplum
1706 4283 1901 4338 crede-

306 4383 444 4440 retis
465 4389 516 4437 et
545 4396 653 4435 non
681 4391 953 4448 corporea
982 4374 1036 4429 ei
1070 4372 1375 4428 accidentia
1408 4371 1801 4427 ascriberetisl

376 4491 628 4545 Morsss.
670 4482 958 4553 Quomodo
975 4496 1076 4536 nos
1108 4481 1213 4535 hoc
1243 4477 1474 4534 credere
1507 4476 1643 4532 dicis
1663 4478 1691 4532 ?

379 4592 624 4646 Ρετιιυε.
682 4585 870 4642 Dicitis
930 4582 1202 4654 siquidem
1255 4597 1380 4635 eum
1430 4579 1658 4651 singulis
1707 4579 1900 4635 diebus

310 4689 479 4746 semel
511 4688 566 4742 in
596 4686 683 4740 die
717 4682 902 4748 irasci,
954 4679 1246 4735 afferentes
1279 4678 1332 4732 in
1364 4678 1603 4733 medium
1647 4678 1899 4732 testimo-

311 4779 461 4835 nium
478 4775 667 4840 David,
694 4769 924 4826 dicentis
948 4785 960 4822 :
983 4768 1166 4825 Fortis
1184 4767 1457 4822 irascitur
1468 4766 1715 4838 quotidie
1729 4766 1905 4834 (Psal.

315 4871 435 4937 vn).
487 4864 659 4920 Prima
703 4861 872 4917 etiam
924 4860 1059 4914 bora
1107 4856 1215 4911 diei
1259 4872 1381 4911 eum
1426 4854 1592 4910 irasci
1641 4853 1906 4921 asseritis,

315 4979 539 5022 causam
583 4960 742 5029 hujus
781 4958 874 5013 ira}
904 4973 1025 5012 esse
1057 4955 1322 5016 dicentes,
1366 4952 1511 5025 quod
1550 4952 1605 5006 in
1650 4951 1739 5005 illa
1779 4952 1914 5007 hora

318 5070 478 5127 reges
507 5049 805 5123 iniquitatis
837 5053 1216 5118 exsurgentes,
1249 5042 1561 5098 diademata
1594 5041 1702 5095 sibi
1735 5040 1913 5111 impo-

318 5151 470 5211 nunt,
510 5149 562 5197 et
592 5139 763 5194 solem
793 5136 1040 5191 adorant.
1078 5133 1314 5188 Videsne
1355 5148 1517 5202 quam
1548 5130 1820 5185 absurdus
1850 5128 1920 5184 sit

320 5247 502 5289 sermo
517 5230 618 5285 iste
649 5236 701 5283 et
719 5225 973 5298 quoniam
996 5222 1127 5276 fatui
1145 5222 1252 5276 sint
1268 5220 1361 5293 qui
1386 5222 1505 5277 haec
1546 5219 1917 5291 protulerunt,

319 5346 442 5386 cum
472 5328 569 5383 irae
598 5323 987 5381 discretionem
1046 5334 1267 5389 prorsus
1323 5317 1600 5388 ignorent,
1664 5331 1832 5389 quam
1868 5314 1920 5370 si

318 5422 565 5482 nossent,
600 5430 712 5470 non
742 5414 846 5467 hoc
875 5410 944 5465 de
974 5410 1090 5463 Deo
1129 5405 1429 5461 sentirent.

394 5530 646 5584 Morsss.
678 5523 817 5594 Quid
850 5523 1016 5595 igitur
1041 5519 1176 5574 iram
1209 5533 1405 5573 censes
1438 5518 1614 5571 esse?

394 5629 640 5684 Psraus.
669 5625 755 5679 Ira
775 5631 858 5679 est
891 5620 1107 5693 quando
1128 5617 1313 5673 audito
1349 5615 1531 5687 aliquo
1569 5614 1715 5687 quod
1745 5612 1928 5685 displi-

321 5735 444 5784 ceat
475 5724 643 5780 verbo
674 5721 855 5777 colera
886 5719 1077 5781 rubea,
1110 5715 1166 5770 id
1196 5722 1298 5780 est,
1332 5712 1404 5768 fel
1434 5711 1637 5777 fervet,
1673 5718 1729 5765 at
1757 5726 1927 5781 super

320 5826 575 5898 hepatem
604 5817 946 5881 diffunditur,
979 5822 1032 5872 et
1063 5812 1315 5887 sanguini
1337 5811 1748 5869 commiscetur.
1782 5809 1918 5865 Inde

328 5920 610 5998 siquidem
661 5919 826 5973 homo
867 5911 1118 5980 calescit,
1150 5910 1282 5981 etin
1316 5909 1456 5968 facie
1480 5906 1760 5981 pallescit.
1816 5906 1935 5963 Hoc

1944 646 2161 716 ponitur
2191 645 2496 701 elementis.
2531 646 2676 700 Deus
2709 654 2893 700 autem
2923 645 3118 700 talibus
3147 660 3257 700 non
3295 643 3537 713 subjacet

1946 742 2288 798 lineamentis
2302 784 2314 797 .

2020 855 2268 908 Morsss.
2307 849 2529 905 Veritati
2560 848 2943 904 contradicere
2973 864 3218 920 nequeo.

2022 958 2257 1011 Parens.
2291 954 2412 1007 Non
2443 954 2626 1007 minus
2651 954 2754 1007 hoc
2783 952 2942 1006 etiam
2972 952 3102 1006 illud
3133 949 3540 1005 abhorrendum

1951 1059 2034 1108 est
2060 1050 2204 1123 quod
2236 1048 2419 1103 dicunt
2438 1063 2562 1102 eum
2594 1048 2666 1102 de
2688 1047 2780 1101 tali
2810 1064 2865 1103 re
2897 1047 3085 1113 irasci,
3105 1046 3172 1100 de
3203 1061 3305 1117 qua
3338 1062 3400 1100 se
3435 1060 3545 1100 non

1951 1139 2124 1213 possit
2154 1135 2364 1193 ulcisci.
2393 1135 2549 1205 Quod
2573 1136 2617 1189 si
2640 1140 2845 1207 posset,
2877 1138 2959 1191 ira
2988 1136 3236 1207 profecto
3258 1134 3383 1205 ejus
3399 1133 3546 1206 quie-

1954 1244 2149 1293 sceret.
2181 1236 2345 1291 Aiunt
2376 1239 2642 1306 praeterea
2673 1234 2816 1306 quod
2846 1233 3018 1305 ipsius
3047 1233 3196 1289 horae
3223 1245 3331 1305 qua
3358 1230 3546 1289 irasci-

1955 1334 2038 1381 tur
2092 1332 2344 1396 punctum
2394 1339 2555 1378 nemo
2608 1322 2821 1377 noverit
2866 1338 3127 1394 unquam,
3177 1320 3281 1376 nisi
3331 1320 3545 1376 Balaam

1958 1414 2100 1469 filius
2130 1414 2290 1468 Beor.
2322 1413 2381 1466 In
2411 1412 2515 1467 hoc
2543 1419 2718 1467 autem
2752 1412 2919 1465 verbo
2950 1410 3104 1466 vobis
3132 1409 3268 1481 ipsis
3298 1408 3551 1465 contrarii

1960 1502 2116 1568 estis,
2148 1518 2270 1557 cum
2302 1518 2367 1556 ex
2401 1515 2506 1554 una
2536 1508 2690 1570 parte
2737 1501 2954 1571 Moyses
2984 1516 3107 1554 eum
3138 1506 3296 1555 vocet
3322 1495 3551 1553 ariolum

1962 1593 2150 1659 (Num.
2180 1590 2342 1655 χχιι),
2385 1604 2486 1644 vos
2517 1589 2677 1643 etiam
2720 1588 2930 1644 vocetis
2968 1587 3236 1659 iniquum,
3271 1603 3344 1642 ex
3382 1585 3554 1641 altera

1963 1703 2097 1743 vero
2119 1695 2274 1758 parte
2301 1702 2423 1741 eum
2439 1685 2841 1755 prudentiorem
2868 1686 3054 1756 Moyse
3066 1699 3192 1741 esse
3208 1682 3551 1756 significetis,

1964 1777 2091 1847 quia
2120 1784 2379 1846 punctum
2438 1775 2590 1829 horae
2646 1774 2859 1828 noverit
2911 1773 3055 1846 quod
3114 1774 3337 1844 Moysen
3368 1772 3547 1827 latuit.

1966 1864 2230 1935 Licetque
2260 1866 2364 1919 hoc
2393 1878 2595 1934 magna
2628 1861 2830 1917 dictum
2847 1861 3309 1929 sitadmiratione,
3344 1860 3563 1916 vilescit

1967 1961 2147 2009 tamen
2179 1952 2402 2020 majoris
2461 1951 2713 2005 fatuitatis
2769 1949 3193 2020 comparatione,
3226 1965 3334 2019 qua
3382 1947 3561 2004 dicitis

1969 2052 2173 2123 gallum
2230 2048 2547 2104 irrationale
2608 2048 2808 2102 animal
2872 2046 3042 2119 ipsius
3090 2049 3241 2103 hora:
3300 2054 3561 2118 punctum

1974 2139 2217 2211 quotidie
2271 2138 2435 2194 scire.
2493 2137 2841 2192 Concedisne
2916 2136 3035 2192 haec
3090 2135 3275 2192 omnia
3333 2150 3431 2192 eos
3490 2134 3562 2189 ita

1974 2228 2178 2283 dixisse
2199 2228 2228 2281 ?

2044 2327 2294 2379 Morsas.
2336 2323 2449 2378 Etsi
2481 2323 2647 2378 velim
2678 2338 2881 2391 negare
2910 2339 3144 2395 nequeo.

2048 2415 2299 2468 Ps'raus.
2338 2413 2453 2467 Nec
2481 2420 2585 2468 hoc
2614 2411 2805 2467 sufficit
2847 2412 2927 2466 eis
2957 2412 3025 2467 de
3066 2413 3184 2468 Deo
3226 2411 3428 2478 dicere,
3461 2410 3563 2468 sed

1978 2518 2104 2558 eum
2130 2503 2293 2556 etiam
2326 2501 2565 2572 quotidie
2595 2502 2768 2556 semel
2802 2500 2855 2554 in
2875 2500 2964 2554 die
2992 2499 3229 2570 plorare,
3262 2508 3315 2556 et
3345 2500 3413 2555 ab
3446 2502 3570 2570 ejus

1980 2590 2152 2647 oculis
2172 2590 2304 2644 duas
2334 2590 2664 2660 prodeuntes
2712 2589 2982 2659 lacrymas
3011 2587 3064 2642 in
3104 2604 3364 2661 magnum
3414 2604 3570 2644 mare

1982 2680 2168 2735 dicunt
2199 2678 2511 2743 concidere,
2564 2686 2621 2733 et
2660 2678 2756 2731 has
2810 2676 3079 2748 fulgorem
3124 2694 3246 2731 esse
3306 2676 3575 2733 afﬁrmant

1983 2768 2133 2822 illum
2166 2767 2256 2838 qui
2289 2775 2533 2837 tempore
2548 2774 2809 2821 nocturno
2830 2766 2894 2819 de
2918 2765 3089 2820 stellis
3105 2766 3323 2821 videtur
3343 2767 3567 2822 cadere.

1988 2857 2115 2911 Hmc
2146 2863 2322 2910 autem
2351 2855 2505 2923 ratio,
2542 2855 2716 2910 Deum
2746 2871 2807 2909 ex
2833 2862 3064 2925 quatuor
3082 2853 3366 2909 clementis
3395 2864 3577 2913 osten-

1988 2945 2068 3000 dit
2115 2944 2474 3014 compositum
2524 2959 2667 2998 esse.
2718 2943 2911 3013 Neque
2961 2942 3105 2997 enim
3143 2941 3277 2997 fiunt
3318 2942 3577 3014 lacrymm

1990 3041 2095 3095 nisi
2160 3056 2231 3095 ex
2282 3039 2615 3093 humiditatis
2670 3038 3004 3092 abundantia
3071 3038 3456 3095 descendentis
3510 3037 3580 3095 de

1991 3130 2191 3199 capite.
2225 3129 2280 3183 Si
2313 3144 2448 3182 vero
2479 3126 2552 3180 ita
2593 3136 2694 3194 est,
2728 3142 2862 3199 ergo
2884 3127 3148 3181 elementa
3182 3130 3310 3182 sunt
3348 3127 3582 3182 Deima-

1993 3227 2153 3283 teris.
2194 3226 2385 3281 Omnis
2414 3234 2592 3279 autem
2641 3234 2860 3279 materia
2906 3225 3052 3295 prior
3079 3233 3161 3280 est
3188 3233 3241 3280 et
3283 3225 3585 3295 simplicior

1997 3316 2190 3371 forma.
2230 3315 2378 3387 Ergo
2410 3322 2461 3369 et
2493 3320 2605 3368 haec
2635 3312 2815 3382 priora
2846 3322 2899 3367 et
2930 3314 3260 3383 simpliciora
3293 3315 3407 3369 Deo
3435 3322 3581 3383 sunt,

1998 3402 2143 3476 quod
2175 3402 2329 3456 nefas
2361 3409 2443 3456 est
2473 3401 2725 3457 credere.
2767 3400 2957 3473 Itaque
2989 3401 3034 3454 si
3075 3401 3218 3455 Deus
3257 3400 3379 3455 talis
3416 3409 3499 3456 est
3528 3408 3587 3456 ut

1997 3491 2177 3547 dicitis
2224 3506 2370 3557 esse,
2416 3506 2537 3545 cum
2596 3506 2697 3543 nec
2758 3489 2882 3544 cibo
2930 3489 3139 3544 fruatur
3177 3505 3284 3545 nec
3336 3496 3483 3559 potu,
3534 3497 3590 3546 et

2000 3579 2243 3654 quotidie
2273 3578 2409 3633 duas
2441 3596 2504 3633 ex
2546 3594 2606 3633 se
2652 3577 2863 3633 emittat
2902 3577 3191 3650 lacrymas,
3241 3594 3473 3634 necesse
3504 3586 3592 3634 est

2000 3695 2120 3735 eum
2148 3677 2495 3744 decrescere,
2533 3676 2639 3731 nisi
2671 3675 2806 3731 forte
2838 3675 2904 3731 de
2924 3676 3080 3747 aquis
3109 3693 3227 3747 quae
3252 3693 3420 3747 super
3448 3676 3591 3733 cmlo

2000 3780 2129 3826 sunt
2152 3767 2361 3841 jugiter
2393 3766 2559 3822 bibat.
2609 3766 2689 3820 Ex
2733 3764 2918 3820 verbis
2958 3780 3175 3836 quoque
3206 3781 3397 3820 eorum
3426 3765 3592 3822 colli—

2001 3860 2145 3931 gitur
2176 3860 2303 3931 quia
2333 3858 2590 3931 ignorent
2620 3854 2749 3928 quid
2778 3854 2868 3909 ille
2899 3853 2970 3908 sit
3002 3853 3212 3927 fulgor.

2074 3961 2318 4014 Movsss.
2358 3953 2500 4024 Quid
2530 3962 2581 4007 tu
2623 3950 2690 4006 de
2720 3951 2815 4007 illo
2855 3950 3062 4006 sentias
3092 3950 3307 4023 fulgore
3338 3951 3595 4009 desidero

2005 4064 2190 4102 110558.

2081 4138 2314 4191 Parens.
2347 4132 2615 4187 Fumosus
2647 4128 2866 4202 quidam
2893 4145 3059 4201 vapor
3100 4129 3168 4186 de
3202 4138 3345 4187 terra
3374 4145 3600 4186 consur~

2008 4225 2087 4296 git
2116 4226 2339 4280 nimium
2371 4223 2567 4287 siccus,
2601 4219 2747 4275 unde
2793 4226 2846 4275 et
2883 4218 3045 4274 Iocun
3104 4219 3327 4275 nubium
3382 4220 3597 4289 transit,

2009 4321 2334 4393 perveniens
2355 4318 2422 4373 ad
2450 4319 2626 4374 locum
2657 4315 2749 4371 ubi
2779 4331 2887 4371 non
2916 4315 3118 4371 multus
3148 4325 3230 4372 est
3259 4315 3430 4385 calor,
3461 4331 3602 4389 quo-

2011 4419 2157 4473 niam
2189 4426 2428 4473 remotus
2451 4423 2534 4471 est
2554 4433 2583 4468 a
2614 4422 2761 4469 motu
2793 4412 3140 4470 firmamenti.
3167 4413 3288 4483 Quo
3317 4429 3438 4470 cum
3467 4430 3604 4485 per-

2013 4508 2246 4577 venerit,
2280 4514 2332 4561 et
2368 4506 2480 4575 jam
2527 4503 2735 4559 multus
2768 4502 2822 4556 in
2852 4502 2974 4558 loco
3027 4518 3135 4558 uno
3189 4502 3400 4570 coierit,
3434 4501 3609 4574 ipsius

1929 4621 1987 4684 D
2016 4594 2123 4650 loci
2155 4595 2334 4651 calore
2363 4594 2493 4650 licet
2539 4592 2735 4664 exiguo
2776 4590 3032 4661 paulatim
3064 4600 3360 4657 crematur,
3392 4599 3447 4646 et
3488 4607 3613 4647 cre-

2018 4688 2195 4739 matus
2227 4684 2523 4750 evanescit,
2557 4690 2609 4737 et
2629 4681 2683 4735 id
2714 4686 2803 4736 est
2827 4680 2974 4752 quod
3004 4696 3101 4751 per
3122 4696 3309 4735 aerem
3343 4678 3615 4736 discursi-

2015 4780 2129 4827 tare
2159 4773 2431 4829 videmus.

2098 4875 2342 4931 Morsss.
2376 4872 2648 4943 Quoniam
2684 4888 2787 4943 per
2816 4879 2867 4926 te
2910 4886 3020 4926 non
3047 4870 3357 4927 intermisse
3396 4870 3620 4927 doctior

2022 4978 2113 5042 fio,
2148 4992 2255 5031 non
2300 4972 2572 5027 immerito
2618 4970 2735 5023 sine
2781 4967 3186 5044 intermissione
3230 4968 3435 5041 gratias
3475 4983 3609 5042 ago.

2094 5068 2331 5121 Parens.
2366 5061 2548 5115 Fletus
2579 5048 2798 5129 quoque
2829 5057 3000 5127 ipsius
3031 5072 3193 5128 quem
3225 5057 3342 5112 Deo
3394 5057 3621 5129 indigne

2029 5155 2327 5219 ascribunt,
2362 5150 2675 5204 Judaeorum
2707 5145 3072 5217 captivitatem
3111 5160 3336 5201 causam
3377 5161 3500 5202 esse
3532 5145 3626 5201 di-

2028 5254 2186 5307 cunt;
2218 5242 2345 5314 quin
2386 5238 2545 5293 etiam
2590 5243 2819 5307 propter
2857 5234 3102 5290 dolorem
3152 5250 3275 5290 eum
3313 5241 3400 5290 ter
3436 5235 3492 5289 in
3533 5234 3624 5291 die

2030 5353 2091 5401 ut
2117 5345 2329 5399 leonem
2361 5337 2549 5408 rugire
2577 5342 2849 5397 asserunt,
2884 5342 2935 5389 et
2964 5342 3185 5405 propter
3204 5334 3257 5388 id
3281 5334 3479 5390 coelum
3507 5334 3629 5405 pul-

2030 5450 2157 5491 sare
2194 5429 2424 5503 pedibus
2470 5439 2622 5481 more
2665 5423 2996 5481 calcantium
3033 5423 3089 5478 in
3128 5423 3414 5491 torculari,
3471 5438 3628 5480 more

2034 5532 2199 5588 etiam
2225 5524 2497 5585 columbae
2525 5520 2823 5594 quemdam
2863 5519 3074 5574 susurri
3118 5518 3358 5574 sonitum
3391 5519 3543 5585 dare,
3575 5526 3633 5575 et

2036 5634 2250 5692 quaque
2287 5615 2408 5671 vice
2448 5618 2609 5682 caput
2653 5623 2894 5674 movere,
2934 5607 3170 5663 dolentis
3219 5607 3409 5664 dicere
3448 5622 3629 5665 voce:

2037 5710 2156 5764 Heu
2184 5704 2338 5771 mihi,
2369 5704 2477 5758 heu
2514 5696 2680 5754 mibil
2716 5706 2776 5753 ut
2814 5696 2944 5769 quid
2982 5696 3207 5752 domum
3236 5712 3415 5753 meam
3450 5697 3506 5752 in
3533 5697 3631 5752 de-

2039 5812 2244 5861 sertum
2271 5798 2482 5873 redegi,
2517 5804 2572 5853 et
2601 5794 2860 5867 templum
2889 5808 3074 5849 meum
3103 5795 3366 5861 cremavi,
3396 5800 3456 5849 et
3488 5790 3634 5850 ﬁlios

2041 5918 2194 5961 meos
2242 5900 2299 5957 in
2341 5904 2537 5971 gentss
2560 5892 2855 5953 transtuli?
2897 5891 3015 5948 Heu
3059 5890 3202 5964 patri
3245 5890 3340 5966 qui
3368 5888 3636 5955 transtulit
