3966 6412
451 403 550 458 551

1385 399 1590 458 PETRI
1627 399 1979 459 ALPHONSI
2014 402 2111 457 EX
2148 400 2393 459 ΠΗ)Εο
2430 401 2832 461 CHRISTIANI

3647 406 3757 466 552

451 524 594 582 ﬁlios
650 525 809 583 suos!
868 534 923 581 et
984 527 1090 582 heu
1144 524 1274 580 ﬁliis
1329 524 1421 597 qui
1478 524 1730 581 translati
1784 534 1911 581 sunt
1975 526 2046 582 de
2074 520 2131 589 Α
2160 528 2267 583 alia
2296 545 2420 601 quae
2446 545 2771 585 enumerare
2794 529 3014 598 longum
3040 536 3125 585 est
3152 528 3419 584 miracula
3449 529 3595 586 fecit.
3627 532 3752 588 Non

449 630 644 671 mensa
689 616 859 687 patris
904 614 1020 669 suil
1074 614 1274 670 Dicunt
1310 614 1476 670 etiam
1506 614 1651 686 quod
1689 614 1910 686 quidam
1941 616 2046 671 do-

452 711 657 760 ctorum
690 713 995 760 vestrorum
1038 703 1179 760 hanc
1206 702 1445 758 audierit
1483 718 1675 759 vocem
1718 704 1773 758 in
1804 705 2045 776 quodam

453 792 574 849 loco
608 808 850 848 rumoso.
886 793 1154 848 Praeterea
1202 792 1350 863 quod
1397 801 1651 864 tanquam
1692 792 2049 863 parturientis

450 889 683 946 invicem
728 890 951 946 collidat
998 889 1187 960 pedes,
1222 897 1275 944 et
1322 904 1475 945 more
1519 889 1754 945 dolentis
1797 890 2048 946 manibus

450 976 692 1051 plaudat,
729 987 779 1035 et
809 979 939 1051 quia
964 978 1208 1050 quotidie
1245 986 1385 1045 orat,
1417 986 1474 1032 ut
1504 978 1889 1036 misericordia
1930 980 2049 1048 ejus

449 1076 515 1131 sit
545 1087 712 1143 super
740 1068 881 1123 iram
912 1068 1053 1137 ejus,
1097 1074 1151 1122 et
1180 1074 1238 1122 ut
1267 1076 1353 1122 eat
1383 1067 1440 1121 in
1482 1067 1686 1139 p0pulo
1715 1083 1816 1124 suo
1854 1068 1908 1122 in
1940 1068 2047 1122 mi-

447 1160 767 1222 sericordia.
823 1158 945 1224 Dic,
978 1171 1012 1212 ο
1044 1158 1280 1228 Moyses,
1326 1172 1450 1212 cum
1492 1157 1638 1212 Deus
1676 1165 1812 1227 oret,
1862 1173 2045 1230 quem,

448 1266 661 1327 quaeso,
692 1247 931 1303 adorat?
977 1245 1047 1299 Se
1088 1245 1267 1316 ipsum
1295 1261 1363 1299 an
1404 1244 1575 1300 alium
1612 1246 1643 1299 ?
1675 1244 1731 1301 Si
1774 1244 1960 1311 alium,
2003 1245 2052 1302 is

442 1357 606 1416 quem
634 1339 825 1393 adorat
846 1333 1121 1405 potentior
1148 1341 1229 1389 est
1259 1349 1345 1389 eo.
1379 1333 1435 1389 Si
1466 1333 1708 1405 seipsum
1741 1335 1937 1390 adorat
1959 1342 2053 1389 aut

443 1439 636 1505 potens
666 1435 745 1483 est
774 1426 899 1496 ejus
930 1431 1156 1494 propter
1178 1423 1321 1494 quod
1355 1430 1491 1489 orat,
1526 1432 1620 1478 aut
1652 1423 1951 1494 impotens.
1992 1424 2049 1480 Si

440 1520 712 1590 impotens
730 1522 832 1580 est,
865 1513 1064 1567 frustra
1102 1527 1163 1567 se
1192 1512 1406 1578 adorat,
1440 1513 1484 1566 si
1517 1528 1647 1567 vero
1698 1520 1922 1583 potens,
1958 1523 2050 1570 aut

440 1607 555 1666 vult
592 1606 646 1661 id
677 1620 773 1678 pro
822 1618 931 1675 quo
978 1609 1117 1668 orat,
1162 1610 1254 1654 aut
1304 1616 1412 1656 non
1459 1600 1599 1656 vult.
1643 1600 1706 1655 Si
1751 1617 1863 1656 non
1911 1600 2043 1667 vult,

440 1714 540 1770 pro
570 1695 702 1750 nihil
726 1699 871 1748 orat.
902 1692 957 1745 Si
990 1698 1173 1745 autem
1207 1689 1339 1754 vult,
1365 1706 1472 1745 non
1496 1698 1579 1745 est
1610 1706 1837 1746 necesse
1868 1706 2046 1748 orare.

438 1795 605 1851 Vides
631 1793 816 1865 igitur,
849 1807 881 1844 ο
914 1790 1147 1860 Moyses,
1197 1803 1359 1860 quam
1391 1788 1618 1842 omnino
1649 1786 1717 1841 sit
1763 1804 1903 1860 gens
1931 1787 2049 1843 haec

2155 632 2289 688 ergo
2318 617 2502 673 dicere
2524 620 2754 689 potestis
2773 618 2916 690 quod
2940 617 3182 690 antiquis
3197 618 3286 673 die
3296 618 3398 673 bus
3418 626 3620 690 potens
3641 636 3751 676 non

2155 704 2334 761 fuerit.
2370 706 2426 762 Si
2454 713 2630 762 autem
2663 722 2789 761 eum
2837 714 3113 777 potentem
3172 706 3392 779 quidem
3448 706 3637 777 fuisse,
3693 717 3754 764 ut

2153 809 2366 866 mquum
2393 801 2499 861 est,
2531 795 2864 861 concedatis,
2890 794 2990 851 sed
3018 795 3246 851 aliorum
3278 796 3578 852 interventu
3607 797 3750 855 acci-

2154 883 2417 949 dentium,
2486 899 2610 939 eum
2660 883 3016 955 impotentem
3085 883 3289 940 factum
3348 883 3562 951 dicatis,
3624 892 3752 956 post

2156 988 2394 1045 quorum
2424 972 2743 1029 abscessum
2765 989 2887 1028 eum
2915 989 3081 1045 posse
3112 988 3272 1028 suum
3301 981 3748 1044 recuperaturum

2156 1061 2417 1128 credatis,
2448 1061 2676 1117 alterum
2707 1062 2904 1117 horum
2933 1077 3162 1118 necesse
3186 1069 3273 1117 est
3299 1059 3608 1130 fateamini;
3652 1061 3749 1118 illa

2155 1150 2457 1207 accidentia
2503 1157 2596 1205 aut
2622 1166 2690 1206 ex
2738 1164 2805 1207 eo
2841 1158 2897 1206 et
2941 1150 2996 1205 in
3027 1166 3094 1207 eo
3140 1149 3332 1218 fuisse,
3371 1154 3431 1206 ut
3464 1150 3746 1207 intirmitas

2156 1246 2414 1303 accidens
2435 1247 2662 1315 homini,
2686 1247 2864 1304 donec
2889 1248 3260 1315 convalescat,
3316 1247 3388 1304 ab
3428 1246 3618 1305 eﬁ‘ectu
3645 1263 3745 1304 co-

2156 1335 2308 1391 hibet
2327 1335 2618 1391 voluntatis
2640 1355 2656 1403 ;
2682 1344 2775 1391 aut
2802 1334 2850 1393 ei
2880 1338 2948 1392 ab
2976 1336 3084 1392 alio
3118 1352 3243 1392 esse
3269 1335 3436 1401 illata,
3476 1344 3534 1392 ut
3561 1337 3743 1408 capti-

2159 1424 2301 1480 vitas
2331 1424 2557 1481 cuilibet
2583 1441 2615 1479 a
2645 1442 2777 1498 rege
2805 1424 2960 1481 illata
3005 1441 3125 1482 suae
3151 1424 3442 1481 voluntatis
3487 1441 3608 1482 eum
3638 1440 3744 1496 po-

2156 1520 2353 1569 testate
2390 1514 2585 1585 privat,
2620 1514 2798 1571 donec
2837 1514 3091 1570 libertate
3136 1515 3462 1571 succedente
3499 1514 3741 1570 recedat.

2158 1608 2317 1678 Quod
2348 1610 2395 1664 si
2415 1625 2489 1665 ex
2521 1626 2589 1665 eo
2611 1619 2665 1666 et
2709 1611 2766 1665 in
2802 1627 2869 1667 eo
2920 1611 3089 1666 fuisse
3130 1610 3348 1678 dicatis,
3396 1611 3569 1667 Deum
3606 1625 3744 1683 ergo

2156 1713 2358 1769 corpus
2384 1698 2590 1754 habere
2618 1699 2822 1769 dicitis,
2851 1700 2996 1772 quod
3041 1699 3431 1756 contrariorum
3473 1700 3743 1771 suscepti-

2158 1786 2268 1842 bile
2297 1788 2388 1851 sit.
2421 1789 2566 1859 quod
2597 1789 2666 1843 de
2690 1789 2807 1844 Deo
2838 1789 3044 1844 sentire
3074 1804 3185 1845 non
3218 1789 3491 1850 convenit.
3523 1788 3579 1845 Si
3610 1803 3743 1844 vero

439 1885 621 1941 aliena
650 1897 684 1937 a
712 1879 1025 1952 cognitione
1055 1877 1276 1931 divina?
1309 1876 1366 1931 Si
1398 1891 1524 1931 vero
1547 1892 1734 1931 verum
1756 1886 1839 1931 est
1871 1878 2042 1932 Deum
2075 1889 2127 1949 Β
2158 1874 2209 1931 ei
2234 1876 2305 1931 ab
2336 1876 2444 1933 alio
2473 1876 2626 1933 illata
2655 1876 2856 1945 dicitis,
2889 1877 3038 1933 illum
3083 1877 3174 1950 qui
3203 1877 3374 1933 intulit
3405 1879 3519 1934 Deo
3544 1886 3746 1949 poten—

440 1990 542 2049 pro
572 1970 726 2029 vobis
757 1971 989 2041 plorare,
1026 1975 1080 2021 ut
1102 1966 1314 2021 leonem
1347 1966 1552 2039 rugire,
1584 1966 1780 2020 caelum
1813 1966 2046 2037 pedibus

441 2073 683 2149 pulsare,
716 2084 870 2124 more
914 2065 1182 2123 columbae
1231 2081 1471 2136 gemere,
1518 2074 1680 2137 caput
1717 2082 1956 2131 movere,
1990 2073 2045 2121 et

438 2179 556 2237 prae
584 2159 754 2217 nimio
785 2156 974 2213 dolore
1005 2156 1112 2210 heu
1142 2153 1273 2209 mihi
1308 2154 1570 2220 clamare,
1611 2154 1788 2226 ipsum
1810 2163 2042 2226 praeter-

442 2268 510 2310 ea
554 2265 668 2323 prae
712 2247 903 2303 dolore
937 2244 1107 2316 pedes
1156 2243 1433 2309 collidere,
1477 2244 1729 2299 manibus
1760 2243 2041 2316 plaudere,

444 2350 496 2399 et
540 2336 783 2412 quotidie
824 2343 882 2390 ut
913 2332 1079 2389 vestri
1126 2332 1451 2387 misereatur
1487 2347 1673 2399 orare,
1737 2333 1866 2405 quid
1907 2348 2043 2405 ergo

441 2437 677 2487 vestram
710 2440 778 2480 ne
819 2420 1124 2478 liberemini
1155 2420 1384 2491 impedit
1432 2421 1801 2492 captivitatem
1823 2420 1852 2475 ?
1899 2425 1979 2477 An
2010 2437 2043 2477 a

441 2518 618 2581 vobis,
661 2531 732 2569 an
762 2512 832 2568 ab
861 2512 983 2582 ipso
1011 2510 1263 2580 procedit
1292 2510 1409 2565 haec
1442 2526 1593 2564 mora
1612 2509 1640 2563 ?
1669 2510 1760 2565 Sic
1798 2508 1941 2565 enim
1972 2510 2043 2565 ab

440 2605 564 2679 ipso
602 2618 725 2659 eum
765 2601 837 2656 ad
867 2598 1245 2669 complendam
1292 2597 1629 2654 voluntatem
1672 2614 1825 2653 suam
1864 2600 2043 2654 minus

443 2711 568 2751 esse
599 2699 873 2764 potentem
907 2687 1202 2745 ostenditis
1224 2703 1349 2742 cum
1378 2686 1582 2757 aliquid
1605 2686 1874 2743 volentem
1899 2703 2045 2743 com-

442 2783 596 2856 plere
619 2796 721 2835 nec
749 2778 1039 2843 valentem,
1062 2774 1254 2846 puerili
1273 2790 1429 2830 more
1450 2790 1575 2829 eum
1606 2774 1824 2846 plorare
1847 2775 2043 2830 astrui-

444 2872 534 2928 tis.
576 2870 632 2926 Si
678 2868 840 2941 igitur
873 2881 1019 2921 nunc
1061 2867 1334 2934 impotens
1390 2872 1491 2931 est,
1548 2864 1713 2919 dicite
1767 2873 1944 2919 utrum
1985 2864 2040 2920 in

444 2961 627 3017 futuro
655 2965 977 3030 potestatem
1009 2954 1295 3009 habiturus
1324 2953 1394 3008 sit
1419 2969 1487 3008 an
1517 2969 1626 3009 non
1645 2954 1675 3009 7
1705 2953 1763 3010 Si
1800 2970 2039 3026 unquam

440 3057 730 3114 habiturus
760 3062 863 3118 est,
894 3052 1060 3125 igitur
1087 3059 1141 3107 et
1168 3059 1350 3107 vester
1377 3058 1430 3106 et
1459 3050 1605 3106 illius
1633 3051 1794 3106 dolor
1814 3049 1921 3107 ﬁne
1950 3067 2041 3107 ca-

439 3146 606 3216 rebit,
638 3148 929 3215 vestraque
965 3141 1137 3197 oratio
1164 3148 1244 3196 est
1274 3155 1468 3207 vacua,
1503 3148 1559 3196 et
1604 3156 1733 3210 spes
1774 3140 1945 3195 nulla.
1980 3139 2037 3195 Si

2152 1966 2346 2022 tiorem
2376 1982 2501 2022 esse
2541 1966 2852 2036 ostenditis,
2898 1966 3046 2039 quod
3073 1982 3183 2023 non
3225 1966 3407 2022 minus
3431 1974 3517 2023 est
3542 1966 3743 2022 incon-

2152 2064 2407 2121 veniens.
2440 2064 2498 2120 Si
2528 2072 2708 2122 autem
2732 2081 2835 2122 vos
2865 2065 3015 2137 ipsos
3035 2072 3230 2122 vestrae.
3259 2081 3385 2123 esse
3411 2064 3741 2136 captivitatis

2152 2168 2374 2209 causam
2423 2153 2639 2220 dicatis,
2696 2155 2856 2227 quasi
2899 2154 3095 2210 melius
3134 2155 3299 2211 modo
3336 2154 3392 2209 in
3437 2153 3745 2226 captivitate

2152 2257 2319 2315 quam
2364 2242 2496 2298 olim
2532 2243 2588 2298 in
2628 2242 2880 2300 libertate
2938 2259 3041 2299 vos
3086 2243 3335 2299 habeatis
3381 2243 3553 2300 cuivis
3594 2250 3745 2314 patet

2151 2346 2275 2386 esse
2304 2332 2675 2399 mendacium,
2708 2332 2838 2404 quia
2864 2347 3137 2404 nunquam
3180 2332 3465 2403 captivitas
3508 2330 3745 2387 libertati

2150 2427 2234 2475 est
2263 2420 2669 2489 comparabilis.
2705 2420 2763 2476 Si
2785 2435 2918 2477 vero
2935 2436 3043 2477 non
3058 2421 3159 2477 hac
3178 2420 3480 2477 intentione
3501 2429 3743 2476 vestram

2148 2507 2454 2564 libertatem
2486 2508 2860 2577 remoramini,
2894 2510 2989 2565 sed
3021 2525 3089 2565 eo
3118 2509 3336 2566 volente
3365 2525 3464 2566 vos
3484 2508 3741 2576 liberare,

2151 2611 2248 2653 vos
2279 2614 2377 2668 per
2406 2597 2754 2667 pertinaciam
2785 2598 2904 2668 ejus
2930 2598 3191 2654 voluntati
3212 2598 3502 2665 obsistitis,
3535 2597 3746 2653 scilicet

2149 2702 2208 2749 ut
2237 2695 2362 2766 quia
2389 2695 2481 2750 ille
2509 2710 2609 2750 vos
2623 2695 2679 2749 in
2698 2695 3064 2767 captivitatem
3081 2695 3339 2766 conjecit,
3374 2711 3471 2752 vos
3499 2703 3748 2755 econtra-

2147 2782 2229 2839 rio
2255 2783 2378 2854 plus
2407 2799 2570 2855 quam
2600 2784 2718 2855 ipse
2745 2783 2877 2840 velit
2904 2785 2960 2839 in
2990 2785 3111 2856 ipsa
3140 2785 3454 2856 captivitate
3481 2783 3745 2856 perdure-

2148 2871 2235 2939 tis,
2268 2872 2502 2928 deberet
2530 2872 2717 2945 utique
2763 2881 2961 2930 vestrae
3004 2873 3330 2930 satisfacere
3374 2872 3657 2939 voluntati,
3688 2879 3747 2928 et

2147 2986 2257 3027 non
2277 2971 2518 3042 seipsum
2546 2971 2768 3027 assidue
2799 2976 2951 3028 tanto
2993 2988 3230 3029 maerore
3272 2972 3604 3050 deprimere,
3653 2977 3745 3025 aut

2146 3075 2246 3116 vos
2293 3059 2344 3115 ei
2385 3076 2612 3131 parcere
2651 3060 2879 3116 deceret
2909 3077 3013 3117 nec
3056 3066 3264 3117 tantum
3313 3061 3495 3118 facere
3541 3058 3747 3115 contri-

2146 3148 2296 3203 stari.
2318 3149 2426 3204 Sed
2446 3149 2550 3205 hoc
2580 3153 2728 3205 stare
2757 3149 3065 3205 nullatenus
3095 3158 3292 3222 potest,
3315 3166 3439 3207 cum
3464 3165 3587 3205 eum
3617 3163 3752 3220 quo-

438 3253 573 3299 vero
601 3250 765 3308 posse
795 3231 1081 3287 habiturus
1111 3236 1213 3296 est,
1246 3237 1338 3284 aut
1368 3229 1500 3284 illud
1548 3229 1793 3284 nondum
1837 3230 2047 3320 habuit,
2079 3248 2130 3313 Ο
2159 3237 2290 3294 “die
2317 3245 2374 3292 ιιι
2402 3253 2500 3294 vos
2528 3238 2597 3293 de
2627 3238 2937 3309 captivitate
2966 3238 3159 3310 eripiat
3188 3238 3376 3296 οι-ειίε,
3409 3237 3518 3295 om
3553 3238 3741 3309 itaque

441 3336 539 3393 sed
568 3334 622 3389 in
653 3329 881 3404 praeﬁxo
910 3337 963 3385 et
982 3336 1132 3385 certo
1163 3327 1450 3382 habiturus
1470 3335 1550 3382 est
1583 3334 1832 3398 tempore
1864 3327 2036 3398 quod,

442 3450 565 3493 cum
595 3428 838 3496 habebit,
870 3442 971 3484 vos
1013 3426 1085 3482 de
1126 3425 1438 3496 captivitate
1486 3424 1765 3490 liberabit,
1800 3433 1899 3479 aut
1931 3425 2039 3494 iam

440 3529 650 3597 habuit,
710 3525 809 3583 sed
871 3522 1233 3597 quorumdam
1300 3522 1609 3578 interventu
1674 3522 2040 3579 accidentium

442 3619 640 3685 amisit,
676 3615 873 3689 quibus
921 3613 1115 3669 iterum
1155 3611 1489 3684 quandoque
1535 3612 1777 3681 remotis,
1828 3620 1880 3667 et
1906 3611 2038 3667 illud

444 3723 799 3788 recuperatus
850 3720 953 3779 est,
995 3718 1049 3768 et
1093 3710 1163 3766 de
1201 3709 1514 3781 captivitate
1573 3727 1674 3765 vos
1712 3710 1933 3767 educet.
1982 3712 2041 3768 Si

441 3823 573 3866 vero
601 3802 882 3859 habiturus
911 3809 995 3856 est
1023 3808 1274 3871 tempore
1296 3807 1472 3859 certo,
1497 3806 1663 3853 restat
1683 3798 1834 3855 vobis
1851 3798 2040 3854 dicere

442 3895 571 3970 quid
602 3895 671 3949 sit
709 3891 851 3965 quod
888 3888 1056 3945 modo
1105 3904 1227 3944 eum
1275 3887 1529 3959 prohibet
1572 3888 1799 3955 habere,
1834 3888 2042 3944 scilicet

438 3996 619 4044 utrum
648 3982 756 4037 hoc
781 3977 1044 4052 paucitati
1070 3976 1348 4048 imputetis
1379 3992 1645 4032 annorum
1675 3978 1814 4045 ejus,
1847 3993 1916 4032 au
1948 3976 2040 4033 de-

440 4073 631 4131 bilitati
660 4070 1054 4134 membrorum,
1100 4083 1166 4121 an
1211 4065 1497 4121 obstabulo
1535 4066 1825 4135 cujuslibet
1873 4066 1972 4131 rei,
2006 4081 2040 4121 a

441 4181 551 4239 qua
571 4161 807 4232 nequeat
833 4156 1074 4212 defendi.
1136 4154 1251 4210 Hoc
1307 4164 1487 4210 autem
1538 4154 1769 4210 credere
1824 4155 1894 4211 de
1924 4156 2040 4211 Deo

439 4252 600 4310 nefas
629 4258 737 4306 est.
768 4246 1025 4318 Legimus
1056 4243 1273 4300 enimin
1305 4242 1604 4313 Scripturis
1624 4243 1816 4312 sacris,
1841 4245 2040 4316 quibus

442 4359 543 4400 vos
572 4338 857 4395 nobiscum
884 4333 1049 4389 fidem
1075 4331 1365 4398 adhibetis,
1412 4332 1589 4387 Deum
1625 4332 1865 4405 antiquis
1894 4341 2038 4389 tem-

441 4430 667 4505 poribus
704 4425 905 4495 majora
960 4421 1227 4478 miracula
1277 4420 1475 4478 fecisse
1513 4438 1675 4494 quam
1732 4421 1779 4477 si
1825 4438 1924 4480 vos
1968 4422 2039 4480 de

441 4525 753 4601 captivitate
780 4521 1064 4587 liberaret,
1096 4518 1265 4575 veluti
1291 4533 1421 4575 cum
1438 4517 1635 4576 decem
1665 4519 1848 4592 plagis
1867 4518 2041 4593 Egy-

438 4635 590 4702 ptum
620 4619 891 4696 percussit
919 4617 1122 4690 (Exod.
1142 4633 1241 4684 vn,
1271 4617 1410 4688 vni),
1439 4624 1493 4673 et
1518 4616 1645 4673 inde
1676 4632 1775 4673 vos
1796 4617 2035 4674 inmanu
2063 4610 2117 4672 D

442 4727 628 4784 valida
659 4723 869 4789 eduxit,
922 4728 973 4778 et
1022 4720 1270 4777 Rubrum
1322 4734 1477 4775 mare
1522 4718 1726 4787 divisit,
1784 4719 1841 4775 in
1888 4720 2039 4793 quod

437 4820 776 4875 Pharaonem
800 4828 923 4869 cum
953 4808 1196 4865 exercitu
1224 4823 1322 4863 suo
1350 4807 1623 4864 demersit
1654 4808 1856 4881 (Exod.
1896 4809 2034 4879 xiv),

438 4929 645 4976 manna
682 4925 903 4985 quoque
941 4916 993 4963 et
1030 4905 1403 4963 coturnicibus
1443 4904 1512 4962 de
1551 4906 1692 4961 coelo
1729 4905 1783 4961 in
1822 4907 2040 4962 deserto

438 5019 587 5095 pavit
618 5014 794 5088 (Psal.
817 5025 1014 5067 Lxxvn
1038 5006 1246 5077 ;E:cod.
1263 5023 1387 5075 xw;
1407 5008 1572 5064 Num.
1589 5009 1862 5081 x1),aquas
1875 5009 2038 5065 etiam

437 5119 694 5180 Iordanis
720 5116 776 5172 in
804 5119 926 5171 loco
954 5128 1065 5168 uno
1089 5110 1291 5166 montis
1340 5110 1515 5166 instar
1556 5112 1832 5168 constituit
1852 5113 2039 5171 (Iosue

438 5220 542 5293 ιιι),
565 5216 737 5275 solem
754 5222 806 5272 et
821 5213 1009 5269 lunam
1035 5210 1205 5265 Josue
1237 5208 1498 5280 precibus
1533 5207 1649 5264 ﬁxit
1681 5210 1872 5281 (Iosue
1889 5211 2039 5281 x),de

441 5321 681 5380 exercitu
729 5312 1108 5375 Sennacherib
1172 5319 1388 5368 centum
1446 5311 1730 5386 octoginta
1798 5313 2039 5385 quinque

442 5417 617 5473 millia
646 5422 806 5471 nocte
841 5426 951 5467 una
998 5407 1176 5466 occidi
1219 5407 1350 5465 fecit
1380 5409 1473 5478 (IV
1511 5412 1641 5482 Reg.
1679 5426 1768 5465 xix
1800 5429 1816 5480 ;
1848 5411 2030 5467 Ecclt'.

442 5513 661 5583 χινιιι).
701 5511 762 5565 In
792 5508 989 5564 diebus
1018 5505 1267 5563 Ezechiae
1313 5505 1485 5562 solem
1524 5505 1786 5577 gradibus
1813 5507 2041 5580 quinde-

445 5610 553 5667 cim
581 5606 783 5665 reverti
824 5603 1090 5677 praecepit
1145 5603 1237 5673 (IV
1278 5606 1405 5676 Reg.
1456 5602 1587 5675 xx).
1639 5604 1920 5660 Danielem
1968 5605 2039 5661 de

446 5705 572 5761 lacu
600 5704 826 5758 leonum
854 5699 1104 5755 liberavit
1129 5699 1310 5769 (Dan.
1350 5704 1484 5768 im).
1518 5700 1802 5767 Ananiam,
1836 5702 2037 5758 Misae-

449 5798 559 5855 lem
596 5805 653 5854 et
689 5798 938 5853 Azariam
974 5796 1045 5850 de
1080 5796 1213 5866 igne
1236 5797 1405 5866 (Dan.
1437 5796 1544 5865 in),
1568 5805 1622 5853 et
1640 5814 1741 5854 vos
1769 5799 1839 5854 de
1868 5801 2037 5871 Baby-

451 5894 598 5953 lonis
632 5893 943 5968 captivitate
986 5891 1245 5947 liberavit
1283 5894 1337 5963 (ι
1376 5892 1565 5952 Εεάηε
1599 5900 1723 5965 vn),
1772 5902 1828 5953 et
1864 5898 2036 5955 multa

2154 3333 2226 3391 te,
2257 3328 2496 3398 Moyses,
2530 3335 2587 3382 ut
2607 3335 2770 3383 tantae
2799 3327 3130 3384 circuitionis
3178 3328 3439 3401 ambages
3467 3344 3495 3382 a
3523 3334 3748 3399 pectore

2150 3431 2274 3472 meo
2301 3415 2590 3472 excludas.

2221 3540 2473 3596 Movsns.
2502 3541 2646 3596 Nihil
2676 3541 2868 3597 horum
2899 3557 3020 3613 qua:
3039 3546 3099 3596 tu
3129 3539 3463 3597 enumerasti
3490 3547 3740 3596 nostram

2148 3628 2379 3700 impedit
2408 3630 2799 3701 captivitatem,
2834 3630 2936 3685 sed
2964 3630 3136 3685 Deum
3163 3646 3382 3700 semper
3401 3636 3454 3684 et
3482 3628 3741 3699 omnipo-

2148 3734 2351 3782 tentem
2380 3725 2551 3783 fuisse
2581 3735 2633 3783 et
2652 3743 2778 3783 esse
2807 3726 3059 3793 fatemur,
3093 3742 3196 3783 nec
3235 3741 3337 3782 nos
3368 3724 3734 3797 captivitatem

2149 3822 2389 3878 evadere
2419 3823 2559 3878 velle
2585 3838 2872 3893 negamus,
2906 3821 3005 3876 sed
3031 3823 3205 3876 Deum
3223 3820 3517 3891 captivitati
3539 3827 3741 3875 nostras

2148 3920 2358 3967 certum
2398 3911 2690 3966 terminum
2738 3907 3061 3983 praeﬁxisse,
3107 3917 3161 3965 et
3202 3909 3378 3966 donec
3419 3909 3549 3964 illud
3588 3907 3735 3980 quod

2148 4008 2447 4074 constituit,
2467 4009 2673 4077 juravit
2703 4016 2757 4064 et
2783 4006 3027 4063 firmavit
3074 4014 3290 4080 tempus
3332 4006 3602 4073 adveniat,
3633 4020 3740 4061 nos

2146 4097 2295 4154 nullo
2323 4097 2488 4152 modo
2513 4096 2739 4153 liberari
2768 4112 2932 4168 posse
2952 4097 3208 4153 dicimus.

2223 4219 2473 4275 Paraus.
2512 4218 2576 4273 In
2624 4217 2730 4273 hoc
2769 4216 2937 4273 verbo
2976 4216 3246 4272 inscitiam
3288 4216 3402 4272 Deo
3444 4213 3736 4283 ascribitis,

2147 4322 2269 4363 cum
2301 4323 2424 4364 eum
2446 4306 2555 4362 tale
2580 4305 2837 4361 statuisse
2887 4305 3084 4362 dicatis
3123 4314 3288 4378 atque
3320 4306 3559 4375 jurasse,
3590 4303 3738 4376 quod

2147 4400 2343 4468 postea
2371 4412 2499 4451 eum
2522 4395 2743 4465 jurasse
2772 4400 2827 4450 et
2864 4392 3115 4450 ﬁrmasse
3158 4394 3436 4466 paeniteat,
3475 4393 3627 4463 cujus
3653 4392 3739 4448 rei

2147 4493 2365 4565 signum
2391 4501 2475 4549 est
2504 4493 2650 4565 quod
2680 4501 2756 4549 tot
2774 4490 3179 4565 modisjugiter
3205 4505 3307 4563 pro
3342 4489 3496 4547 vobis
3524 4487 3735 4562 afﬂigi-

2148 4589 2257 4653 tur,
2289 4581 2436 4656 quod
2466 4582 2512 4637 si
2541 4581 2881 4654 praescisset,
2912 4597 3023 4637 non
3062 4588 3225 4636 antea
3251 4578 3551 4635 statuisset.
3589 4577 3737 4633 Insi-

2146 4671 2303 4743 piens
2331 4686 2465 4745 ergo
2493 4671 2793 4727 secundum
2824 4685 2922 4728 vos
2952 4670 3076 4725 fuit.
3115 4668 3273 4739 Quod
3302 4684 3430 4726 cum
3460 4665 3605 4740 apud
3633 4682 3734 4723 vos

2148 4768 2381 4827 constet,
2429 4760 2717 4832 indulgere
2764 4759 2952 4831 utique
2999 4759 3049 4814 ei
3095 4757 3328 4824 debetis,
3360 4773 3461 4814 nec
3488 4755 3738 4827 precibus

2147 4866 2271 4904 eum
2300 4850 2608 4922 inquietare
2656 4848 2910 4911 assiduis.
2952 4854 3152 4920 quanto
3211 4848 3355 4902 enim
3402 4844 3737 4917 frequentius

2147 4939 2335 5004 oratis,
2368 4947 2516 4993 tanto
2547 4939 2721 5009 magis
2750 4940 2865 5005 ejus
2907 4937 3151 4993 dolorem
3209 4936 3494 4999 innovatis,
3549 4944 3595 4989 et
3628 4949 3736 5005 quo

2148 5035 2323 5107 magis
2350 5036 2420 5090 ab
2448 5036 2695 5091 oratione
2725 5035 2997 5090 cessando
3021 5049 3143 5089 eum
3176 5048 3283 5087 non
3308 5030 3737 5103 inquietaveritis

2144 5132 2295 5180 tanto
2321 5125 2498 5196 magis
2529 5140 2653 5180 eum
2684 5123 2961 5180 consolari
2993 5121 3343 5194 permittatis.
3373 5120 3479 5175 Sed
3497 5120 3584 5175 d.c
3612 5134 3741 5190 pre—

2150 5225 2268 5272 cor,
2300 5223 2333 5263 o
2364 5210 2577 5281 Moyses
2605 5209 2712 5273 dic,
2752 5208 2993 5280 inquam,
3043 5205 3204 5261 debet
3235 5205 3519 5277 quisquam
3547 5203 3738 5274 hujus-

2145 5308 2293 5364 modi
2321 5308 2543 5364 credere
2574 5307 2917 5373 doctoribus,
2953 5314 3003 5362 et
3035 5304 3196 5361 fidem
3221 5319 3412 5360 eorum
3434 5318 3737 5359 accommo-

2148 5407 2279 5462 dare
2311 5405 2667 5463 tractalibus?

2220 5523 2463 5578 Movsas.
2522 5522 2655 5578 Cum
2698 5520 2801 5593 ipsi
2840 5519 2986 5576 dicta
3033 5534 3134 5574 sua
3174 5518 3554 5592 prophetarum
3597 5531 3735 5574 con-

2146 5616 2363 5674 ﬁrment
2395 5619 2730 5684 auctoritate,
2764 5632 2939 5690 quare
2995 5624 3105 5671 tam
3155 5615 3398 5690 graviter
3453 5613 3506 5669 in
3551 5628 3618 5669 eo
3647 5613 3737 5668 in-

2147 5716 2387 5782 veheris,
2444 5725 2493 5771 ct
2551 5717 2606 5770 in
2668 5717 2961 5786 prophetas
3023 5713 3154 5768 nihil
3203 5712 3377 5769 dicis?
3422 5715 3503 5766 An
3554 5709 3735 5767 nescis

2144 5807 2444 5877 prephetas
2484 5805 2686 5860 dixisse
2718 5806 2890 5860 Deum
2925 5810 3105 5875 caput,
3153 5802 3360 5867 oculos,
3394 5816 3576 5865 nares,
3609 5815 3738 5855 ma-

2147 5916 2277 5971 nus,
2299 5902 2522 5960 brachia
2542 5911 2597 5961 et
2616 5903 2867 5961 universa
2882 5901 3122 5973 corporis
3141 5900 3468 5958 lineamenta
3490 5895 3735 5954 habere?
