3966 6470
166 420 265 473 553

1654 418 1940 479 DIALOGI
1955 464 1969 477 .

3360 424 3463 480 554

166 544 275 615 Ipsi
302 547 463 602 etiam
518 546 768 602 dixerunt
822 546 1056 617 singulis
1111 545 1305 602 diebus
1352 546 1534 611 irasci,
1586 553 1640 601 et
1695 552 1753 599 ut
1781 546 1836 607 Α
1870 548 2037 604 Israel
2072 567 2085 604 :
2115 549 2892 607 Custoditesolliciteanimas
2910 550 3267 606 vestras.Non
3285 548 3461 605 vidis-

162 631 377 689 leonem
407 636 617 708 rugire,
650 644 704 692 et
731 635 898 691 multa
926 636 1032 691 alia
1056 650 1178 707 quae
1214 634 1429 690 illorum
1452 635 1757 705 probantur

165 724 499 780 auctoritate.

238 847 478 903 Pnraus.
519 847 769 904 Obscura
820 856 942 903 sunt
996 849 1387 919 prophetarum
1435 848 1596 912 dicta,
1658 861 1760 902 nec

166 936 418 991 omnibus
446 937 583 991 satis
636 947 846 1007 aperta.
879 937 963 993 0b
1008 938 1111 992 hoc
1144 937 1307 992 etiam
1353 952 1473 991 cum
1523 936 1574 989 in
1631 951 1760 1006 pro-

167 1024 346 1094 phetis
378 1026 507 1081 talia
538 1026 849 1081 invenimus
880 1041 1001 1096 qua!
1032 1026 1328 1081 secundum
1352 1025 1589 1079 litteram
1616 1023 1763 1079 acci-

166 1111 377 1181 pientes
406 1130 436 1168 a
467 1114 698 1169 rationis
720 1114 935 1170 tramite
955 1114 1343 1181 exorbitemus,
1378 1128 1441 1168 ea
1465 1113 1764 1186 allegorice

170 1198 612 1272 interpretamur.
658 1210 712 1257 ut
746 1204 813 1257 ad
847 1202 1190 1258 rectitudinis
1221 1202 1472 1257 semitam
1524 1201 1763 1256 reduca-

170 1304 320 1344 mus.
360 1290 678 1346 Necessitas
707 1291 851 1346 enim
879 1290 1025 1363 cogit
1054 1305 1155 1345 nos
1186 1289 1265 1346 sic
1294 1305 1484 1363 agere,
1507 1304 1572 1344 eo
1613 1288 1766 1360 quod

167 1376 329 1432 aliter
359 1393 465 1434 non
496 1387 675 1449 potest
700 1380 892 1435 littera:
948 1379 1082 1433 ratio
1111 1387 1284 1433 stare.
1349 1378 1528 1433 Vestri
1586 1385 1764 1432 autem

173 1465 431 1522 doctores
464 1483 571 1523 non
611 1476 1008 1541 cognoverunt,
1039 1476 1096 1521 ut
1124 1467 1382 1537 oportuit,
1414 1468 1608 1532 Deum,
1643 1466 1766 1521 ideo

175 1553 325 1616 dicta
357 1557 746 1626 prophetarum
792 1555 1081 1627 superﬁcie
1108 1564 1270 1609 tenus
1321 1563 1662 1625 eXponentes
1711 1554 1765 1608 in

170 1658 293 1697 eum
326 1657 666 1699 erraverunt.
702 1647 847 1717 Ergo
894 1660 1001 1717 ego
1031 1652 1257 1715 propter
1313 1644 1415 1700 hoc
1445 1653 1498 1698 et
1545 1651 1770 1713 prot‘lel'

170 1730 339 1785 multa
372 1732 532 1801 hujus
563 1733 759 1787 similia
790 1734 899 1787 dixi
932 1750 1016 1786 me
1049 1732 1303 1802 superius
1330 1732 1476 1787 dicta
1526 1732 1769 1803 prophe-

171 1826 365 1888 tarum,
401 1829 561 1891 prout
591 1838 755 1875 sanus
785 1822 951 1893 exigit
979 1837 1195 1885 sensus,
1220 1821 1554 1891 intelligere.

245 1944 483 1998 Morsas.
517 1946 675 2001 Nunc
705 1945 832 1999 mihi
864 1946 990 2001 vo‘o
1034 1944 1210 1999 locum
1242 1944 1452 2000 ostendi
1477 1961 1634 2016 quem
1666 1960 1767 1998 ne-

172 2047 330 2088 cesse
362 2033 424 2087 sit
459 2050 558 2089 nos
588 2034 884 2107 allegorice
939 2033 1273 2105 intelligere,
1304 2049 1371 2088 eo
1399 2034 1544 2105 quod
1590 2033 1658 2087 ad
1689 2033 1772 2087 lit-

176 2130 349 2176 teram
391 2126 675 2193 espositus
723 2139 833 2179 non
886 2123 1062 2194 possit
1118 2132 1283 2192 stare,
1322 2130 1376 2177 ut
1433 2123 1577 2194 quod
1633 2121 1771 2177 dicis

176 2227 363 2265 verum
398 2220 579 2281 pateat
609 2229 731 2269 esse
745 2253 758 2266 .

250 2350 490 2404 Psraus.
533 2348 688 2419 Quod
721 2351 916 2421 quaeris
947 2351 1252 2405 ostendam.
1292 2353 1510 2421 Moyses
1530 2348 1670 2404 enim
1705 2349 1775 2404 ad

178 2438 522 2492 Pharaonem
550 2457 564 2493 :
598 2440 856 2503 Locusta,
890 2439 1081 2505 inquit,
1115 2441 1330 2512 aperiet
1344 2440 1568 2495 oculum
1588 2440 1772 2494 omnis

178 2528 563 2598 terraz(Exod.
598 2529 948 2600 x).Nunquid
982 2529 1124 2583 enim
1152 2538 1299 2583 terra
1339 2527 1554 2584 oculum
1569 2526 1773 2580 habet?

177 2617 336 2679 ltem,
371 2616 513 2671 idem
537 2616 606 2671 de
626 2615 750 2670 filiis
782 2618 918 2671 Core
953 2634 967 2673 :
1003 2620 1292 2688 Aperiens,
1314 2616 1503 2688 inquit,
1540 2620 1694 2671 terra
1714 2631 1772 2670 os

175 2720 371 2763 suum.
394 2706 678 2760 devoravit
701 2707 829 2762 illos
860 2707 1048 2771 (Num.
1080 2707 1222 2775 xvr).
1281 2704 1535 2775 Nunquid
1590 2712 1774 2758 autem

179 2802 328 2848 terra
357 2809 420 2848 os
442 2793 605 2849 habet
634 2795 663 2846 ‘?
693 2796 848 2856 Item,
880 2794 933 2847 in
967 2793 1107 2848 libro
1137 2793 1384 2847 Iudicum
1416 2793 1486 2847 ait
1541 2793 1672 2848 Gaal
1704 2794 1771 2847 ad

180 2880 349 2937 Zebul
375 2898 387 2936 :
414 2883 552 2938 Ecce
580 2884 823 2954 populus
870 2884 936 2938 de
965 2884 1229 2938 umbilico
1270 2886 1438 2937 terra:
1489 2881 1776 2937 descendit

182 2972 395 3038 (Junic.
447 2975 558 3040 ιχ).
625 2972 731 3027 Sed
755 2972 992 3042 nunquid
1041 2980 1185 3025 terra
1215 2971 1525 3024 umbilicum
1556 2971 1720 3025 habet
1747 2972 1775 3024 εἰ

181 3061 383 3115 lterum
416 3060 582 3114 Isaias
608 3060 738 3115 dicit
769 3076 782 3114 :
817 3062 891 3115 De
920 3061 1016 3115 ala
1049 3064 1218 3115 terra!
1249 3059 1439 3114 laudes
1456 3059 1777 3113 audivimus

184 3150 317 3219 (Isa.
351 3152 517 3216 xxiv).
542 3148 793 3219 Nunquid
815 3158 956 3203 terra
985 3148 1127 3203 alam
1168 3148 1329 3202 habet
1358 3148 1385 3199 ‘l
1406 3148 1579 3201 David
1636 3163 1777 3218 quo-

184 3253 298 3310 que
316 3237 419 3291 ait:
441 3238 1036 3310 Exsultabuntcampi
1053 3239 1315 3293 etomnia
1331 3238 1524 3308 quwin
1541 3238 1622 3290 cis
1641 3240 1779 3291 sunt
1808 3252 1857 3314 Ο
1889 3287 1996 3326 non
2027 3237 2149 3325 ὧεὲ
2178 3271 2418 3324 ianuam.
2448 3271 2535 3325 Ait
2565 3237 2711 3324 e'nim
2742 3287 2757 3325 ε
2794 3269 2909 3337 quo
2937 3269 3025 3325 ibo
3056 3288 3089 3326 α

185 3328 369 3397 (Psal.
394 3329 553 3393 xcv).
591 3328 723 3379 Item
742 3325 884 3380 idem
903 3345 914 3381 :
933 3328 1196 3382 Flumina
1207 3326 1775 3397 plaudent-manibus,

183 3420 410 3471 montes
441 3415 1033 3483 exsultabant(Psal).
1074 3415 1271 3483 xcvu).
1312 3414 1566 3485 Nunquid
1597 3422 1781 3467 autem

184 3503 369 3574 campi
398 3505 660 3576 gaudere,
694 3504 913 3557 flumina
945 3520 1133 3557 manus
1172 3503 1397 3567 habere,
1431 3502 1520 3557 vel
1571 3510 1783 3556 montes

184 3601 419 3665 possunt
449 3593 721 3647 exsultare
744 3593 772 3644 ξ)
795 3592 1051 3647 Salomon
1099 3608 1315 3662 quoque
1345 3591 1419 3645 ait
1452 3591 1633 3646 :Aves
1659 3591 1786 3646 caeli

185 3682 500 3755 portabunt
515 3682 740 3736 verbum
763 3687 948 3746 tuum,
969 3690 1024 3736 et
1042 3681 1137 3752 qui
1150 3681 1313 3735 habet
1325 3696 1542 3748 pennas
1558 3695 1787 3734 annun-

191 3771 362 3827 tiabit
392 3771 742 3825 sententiam
760 3770 973 3837 (Eccle.
1009 3770 1091 3838 χ).
1124 3770 1381 3840 Nunquid
1416 3768 1501 3823 vel
1530 3768 1646 3822 avis
1676 3784 1789 3822 ver-

189 3859 320 3914 bum
343 3858 544 3925 dicere,
575 3859 667 3911 vel
697 3858 905 3912 habens
956 3873 1167 3929 pennas
1192 3856 1399 3928 aliquid
1420 3864 1600 3928 potest
1646 3873 1787 3911 nun-

190 3948 334 4004 tiare
346 3948 374 4000 ‘2
386 3948 644 4002 Habacuc
678 3963 895 4018 quoque
913 3947 1180 4017 propheta
1195 3946 1269 4000 ait
1287 3964 1298 4000 :
1316 3948 1477 4017 Lapis
1494 3946 1560 4001 de
1573 3948 1789 4019 pariete

190 4038 483 4103 clamabit,
501 4041 558 4092 et
581 4037 795 4108 lignum
813 4036 957 4108 quod
991 4038 1147 4091 inter
1177 4036 1491 4106 juncturas
1523 4036 1790 4102 aediﬁcio-

192 4141 325 4182 rum
347 4132 430 4181 est
453 4125 1043 4197 respondebilUIabae.
1077 4125 1159 4194 ιι).
1204 4124 1345 4178 Num
1374 4123 1455 4179 vel
1488 4123 1629 4194 lapis
1685 4122 1793 4178 cla-

194 4228 365 4280 mare,
400 4213 484 4268 vel
506 4214 714 4286 lignum
745 4220 922 4284 potest
943 4212 1279 4284 respondere
1307 4213 1335 4265 ‘2

272 4357 519 4412 Morsas.
562 4357 754 4411 Verum
777 4354 997 4427 quidem
1028 4353 1173 4426 quod
1204 4353 1341 4409 dicis
1370 4352 1544 4409 fateor
1571 4369 1712 4416 esse,
1736 4352 1792 4407 in

197 4445 480 4517 plerisque
526 4444 664 4500 locis
714 4459 935 4498 sensum
989 4442 1344 4513 allegoricum
1418 4442 1792 4498 necessarium

199 4549 347 4601 esse,
405 4542 585 4589 tamen
636 4533 784 4603 quod
838 4532 906 4586 de
961 4531 1242 4601 corporeis
1298 4531 1396 4586 Dei
1451 4530 1796 4585 lineamentis

1867 638 1942 692 tis
1956 638 2395 694 similitudinem
2412 638 2662 711 aliquam
2679 639 2740 693 in
2759 639 2851 695 die
2866 657 2977 713 qua
2994 640 3214 695 locutus
3241 642 3328 693 est
3374 654 3465 694 oo-

1865 727 1946 781 bis
1977 729 2245 783 Dominus
2274 729 2336 783 in
2350 726 2532 783 Horeb
2547 727 2614 782 de
2626 728 2807 783 medio
2825 729 3069 800 ignis,ne
3085 731 3231 799 forte
3248 727 3466 798 decepti

1866 817 2099 886 faciatis
2116 816 2263 873 vobis
2281 817 2563 887 sculptam
2576 817 3021 872 similitudinem
3035 820 3138 872 aut
3155 818 3465 886 imaginem

1868 906 1980 960 viri
1993 906 2076 960 vel
2092 905 2788 976 feminw,similitudinem
2804 907 3059 961 omnium
3065 906 3096 976 j
3102 909 3464 961 umentorum

1869 1008 1991 1065 quae
2001 1000 2140 1049 sunt
2151 1010 2320 1065 super
2332 993 2662 1057 terram,vet
2681 995 2869 1049 avium
2887 994 2988 1049 sub
3000 994 3134 1049 calo
3144 994 3465 1050 volantium

1870 1086 1974 1138 aut
1984 1084 2277 1153 reptilium
2289 1100 2411 1155 quce
2425 1088 2644 1139 movent
2653 1100 2723 1138 ur
2734 1084 2795 1139 in
2811 1084 3104 1148 terra,sive
3116 1083 3355 1155 piscium
3368 1084 3465 1155 qui

1869 1170 2063 1227 subter
2076 1176 2378 1228 morantur
2392 1172 2455 1227 in
2473 1172 2632 1243 aquis
2655 1171 2844 1239 (Deut.
2869 1172 2966 1240 tv).
2981 1173 3228 1243 Cumque
3239 1172 3319 1227 eis
3331 1186 3465 1242 pro-

1873 1258 2144 1314 hibuisset
2186 1276 2255 1315 ne
2286 1261 2457 1316 Deum
2485 1259 2806 1330 compositis
2834 1260 3160 1330 corporibus
3189 1259 3464 1315 assimila-

1875 1356 2010 1411 rent.
2044 1349 2248 1404 veritus
2278 1348 2438 1403 etiam
2469 1365 2537 1404 ne
2581 1348 2719 1403 forte
2745 1365 2869 1404 eum
2884 1347 3232 1419 simplicibus
3261 1363 3463 1419 corpo-

1875 1436 2024 1491 ribus
2054 1435 2473 1501 conformarent,
2516 1437 2763 1506 adjunxit
2820 1454 2833 1491 :
2890 1438 2968 1493 Ne
3023 1440 3171 1507 forte
3225 1438 3467 1494 elevatis

1875 1526 2053 1582 oculis
2074 1525 2146 1581 ad
2165 1528 2390 1590 ctelum,
2425 1525 2612 1581 videas
2641 1528 2817 1582 solem
2847 1543 2916 1580 ac
2949 1527 3166 1592 lunam,
3191 1530 3245 1582 et
3274 1527 3467 1583 omnia

1876 1618 2033 1669 astra
2049 1616 2191 1681 eali,
2214 1618 2270 1670 et
2283 1631 2470 1671 errore
2492 1615 2754 1687 deceptus
2766 1614 2961 1671 adores
2976 1632 3062 1680 ετ,
3095 1619 3152 1671 et
3180 1616 3329 1671 colas
3345 1632 3468 1688 qua:

1876 1704 2087 1758 creavit
2110 1705 2308 1760 Domin
2319 1720 2384 1757 us
2398 1705 2538 1760 Deus
2559 1708 2732 1760 cunct
2740 1705 2787 1758 is
2798 1704 3063 1775 gentibus
3077 1722 3198 1776 qua:
3220 1703 3320 1759 sub
3334 1705 3470 1761 ccelo

1877 1792 2225 1861 sunt(ibid.).
2264 1792 2374 1847 Nec
2399 1801 2615 1863 reputes
2637 1794 2860 1863 Moysen
2895 1793 3011 1848 haec
3043 1792 3243 1863 populo
3272 1791 3471 1863 princi—

1797 1894 1849 1954 B
1882 1880 2115 1948 pientcm
2164 1882 2423 1935 metuisse
2512 1881 2654 1952 quod
2709 1880 3094 1951 praedictorum
3179 1896 3473 1951 corporum

1883 1966 2084 2036 ﬁguras
2112 1968 2196 2024 vel
2225 1968 2497 2042 imagines
2528 1969 2844 2037 adorarent,
2879 1987 3002 2024 cum
3042 1977 3320 2025 creaturas
3350 1985 3473 2025 esse

1882 2073 1986 2111 non
2018 2058 2344 2121 dubitarent,
2407 2058 2504 2113 sed
2529 2058 2631 2113 hoc
2689 2057 2866 2128 potius
2928 2058 3119 2125 timuit,
3178 2074 3247 2114 ne
3299 2059 3472 2114 Deum

1880 2146 2172 2218 imaginem
2197 2147 2436 2217 alicujus
2460 2147 2653 2200 horum
2687 2150 2890 2202 habere
2920 2148 3228 2214 crederent,
3259 2155 3311 2203 et
3344 2147 3470 2203 ideo

1882 2250 1982 2305 pro
2013 2251 2078 2289 eo
2110 2235 2416 2303 hujusmodi
2448 2234 2618 2291 factas
2639 2235 3019 2291 similitudines
3039 2237 3355 2292 adorarent.

1953 2351 2196 2406 Morsss.
2230 2351 2453 2406 Subtilis
2483 2352 2773 2407 admodum
2806 2356 2889 2406 est
2920 2351 3021 2407 ista
3051 2353 3336 2419 sententia,
3369 2369 3473 2409 nec

1883 2455 2045 2494 sensu
2077 2440 2363 2511 cujuslibet
2384 2442 2596 2511 pervia,
2648 2441 2793 2496 unde
2817 2440 2997 2498 adhuc
3040 2442 3227 2515 aliqua
3284 2450 3473 2514 paten-

1882 2527 1987 2582 tior
2014 2536 2096 2583 est
2127 2529 2253 2582 mihi
2286 2529 2640 2586 necessaria..

1956 2634 2192 2689 Paraus.
2228 2634 2399 2689 Isaias
2429 2635 2654 2705 proheta
2683 2633 2794 2689 ait:
2832 2634 2933 2690 Cui
2964 2635 3331 2692 assimilastis
3361 2652 3470 2700 me,

1884 2726 1941 2777 et
1969 2725 2667 2793 wquastis.dicit5anctus
2701 2728 2724 2779 .9
2753 2724 2881 2789 (Isa.
2907 2727 3024 2794 χι.)
3058 2725 3122 2778 Et
3139 2739 3352 2780 rursus:
3375 2724 3477 2783 Cui

1885 2819 2131 2874 similem
2153 2822 2369 2891 fecistis
2390 2821 2695 2883 Deum,aut
2713 2837 2881 2889 quam
2903 2820 3210 2893 imaginem
3252 2820 3475 2893 ponetis
3498 2864 3507 2869 κ

1884 2909 1936 2964 ei
1967 2907 2193 2979 ?(lbid.)
2224 2910 2290 2964 Et
2318 2909 2515 2963 iterum
2550 2923 2561 2962 :
2600 2910 2702 2965 Cui
2732 2909 3162 2965 assimilastiset
3183 2911 3477 2983 adaequas-

1888 3007 1961 3061 tis
1974 3013 2030 3060 et
2040 3008 2589 3077 comparastisme,et
2610 3005 2829 3075 fecistis
2856 3006 3097 3061 similem
3123 3010 3146 3061 ἵ
3165 3005 3477 3077 (Ibid.)Da-

1886 3095 1975 3148 vid
2008 3110 2223 3164 quoque
2252 3093 2420 3149 verba
2455 3094 2626 3147 Deum
2669 3109 2775 3146 non
2806 3109 2929 3148 esse
2962 3093 3196 3149 localem
3217 3110 3475 3166 compro-

1888 3183 2101 3245 bant,ut
2131 3198 2230 3253 per
2259 3183 2363 3235 hoc
2391 3186 2795 3251 consequi-nter
2843 3182 3098 3237 eumdem
3148 3197 3476 3252 corporeum

3119 3270 3328 3342 spiritu
3360 3274 3476 3335 tuo,

1888 3374 2059 3441 etquo
2081 3386 2113 3423 a
2134 3370 2280 3439 [acie
2310 3378 2411 3423 tua
2440 3369 2658 3438 [ugiam
2681 3366 2709 3419 .9
2736 3367 2795 3423 Si
2823 3367 3126 3423 ascendero
3182 3369 3244 3422 in
3273 3369 3479 3424 caelum

1893 3461 1953 3513 tu
1982 3458 2104 3513 illic
2134 3474 2211 3522 es,
2230 3457 2281 3511 si
2309 3457 2640 3512 descendere
2653 3457 2715 3509 in
2746 3456 3301 3526 infernum,ades.8i
3319 3472 3480 3512 sum-

1889 3571 2048 3627 psero
2077 3570 2300 3627 pennas
2328 3570 2483 3608 meas
2501 3553 2771 3615 diluculo,
2788 3556 2842 3608 et
2857 3553 3178 3609 habitavero
3200 3554 3261 3608 in
3283 3558 3481 3609 extre-

1892 3646 2001 3700 mis
2030 3646 2225 3709 maris,
2258 3644 2471 3698 etenim
2500 3642 2640 3697 illuc
2664 3656 2859 3696 manus
2899 3648 3000 3696 tua
3028 3642 3264 3698 deducet
3292 3658 3402 3707 me,
3427 3646 3484 3699 et

1895 3732 2106 3789 tenebit
2134 3748 2222 3787 me
2278 3732 2521 3787 dextera
2577 3734 2677 3785 tua
2705 3730 2858 3801 (Psal
2887 3732 3183 3798 cxxxvm}.
3225 3730 3484 3786 Salomon

1895 3838 2113 3894 quoque
2143 3821 2285 3875 idem
2317 3820 2556 3875 sentiens
2587 3819 2717 3874 dicit
2755 3835 2768 3872 :
2801 3818 3013 3889 Ergone
3055 3819 3375 3888 putandum
3399 3823 3487 3876 est

1896 3919 2036 3992 quod
2084 3934 2208 3974 vere
2264 3918 2407 3972 Deus
2454 3916 2665 3971 habitet
2711 3931 2880 3987 super
2936 3916 3286 3971 terramYSi
3329 3915 3487 3971 enim

1897 4010 2098 4065 coelum
2128 4011 2184 4063 et
2212 4006 2338 4062 caeli
2385 4007 2655 4062 caelorum
2715 4008 2766 4061 te
2809 4019 3007 4075 capere
3052 4020 3169 4059 non
3221 4009 3483 4076 possunt,

1898 4101 2108 4171 quanto
2137 4097 2330 4152 minus
2354 4095 2549 4151 domus
2567 4094 2682 4149 haec
2697 4108 2865 4165 quam
2889 4092 3165 4161 aediﬁcavi
3196 4096 3220 4147 ἵ
3246 4092 3321 4163 (Il
3344 4095 3480 4149 Par.

1900 4191 1994 4255 ιι.)
2025 4185 2229 4241 Etalibi
2264 4185 2357 4240 :In
2379 4184 2535 4240 omni
2554 4183 2667 4238 loco
2682 4181 2832 4237 oculi
2853 4181 3079 4236 Domini
3104 4182 3491 4253 contemplan-

1904 4280 1998 4331 tur
2018 4275 2184 4331 bonos
2213 4278 2269 4330 et
2308 4274 2486 4328 malos
2516 4270 2596 4339 (ΙΙ
2620 4274 2749 4326 Ραν.
2781 4270 2934 4339 xw.)
2997 4270 3062 4324 Et
3089 4268 3354 4324 Jeremias
3387 4287 3400 4324 :
3432 4268 3496 4326 Si

1901 4364 2280 4421 occultabitur
2308 4363 2396 4417 vir
2421 4362 2481 4416 in
2503 4359 2864 4427 absconditis,
2924 4362 2979 4413 et
3009 4374 3102 4429 ego
3152 4374 3268 4414 non
3308 4358 3493 4415 videbo

1902 4470 2054 4520 eum,
2086 4452 2225 4508 dicit
2254 4452 2527 4506 Dominus
2562 4453 2586 4504 2’
2612 4445 2876 4518 Nunquid
2905 4463 3019 4500 non
3057 4446 3260 4502 coelum
3289 4451 3348 4503 et
3376 4450 3496 4503 ter-

1904 4559 2029 4597 ra-m
2059 4558 2153 4613 ego
2192 4541 2419 4611 impleo,
2450 4539 2592 4594 dicit
2622 4537 2891 4592 Dominus
2912 4535 2940 4588 ‘?
2967 4536 3081 4591 Ier.
3113 4537 3302 4607 χχιιι.)
3339 4536 3499 4593 Nunc

199 4623 456 4680 dixerunt
484 4622 783 4692 prophetae,
817 4620 862 4673 si
890 4620 1184 4675 secundum
1215 4619 1451 4674 litteram
1465 4626 1781 4690 exponatur,

1904 4606 2117 4702 liquido
2145 4606 2425 4683 advertere
2444 4636 2598 4698 potes
2628 4626 2881 4697 quoniam
2914 4622 2960 4678 si
2993 4624 3163 4679 Deum
3213 4640 3415 4695 corpus
3445 4632 3500 4680 et

202 4711 394 4769 nescio
422 4725 590 4781 quare
618 4708 920 4764 absurdum
950 4707 1156 4762 dixeris
1183 4722 1325 4763 esse.

280 4836 521 4889 Paraus.
564 4834 836 4903 Corporea
874 4830 1180 4887 accidentia
1208 4847 1330 4903 quae
1359 4831 1475 4887 Deo
1503 4830 1797 4898 ascribitis,

205 4939 317 4981 non
346 4922 452 4977 nisi
471 4937 740 4993 corporea:
770 4919 1087 4975 substantiae
1118 4928 1171 4974 et
1200 4919 1629 4992 reiimaginariae
1659 4936 1800 4976 con-

207 5020 436 5086 gruunt.
474 5013 643 5065 Deum
673 5017 854 5063 autem
885 5008 1194 5076 hujusmodi
1250 5024 1391 5074 esse,
1441 5009 1702 5065 indecens
1722 5017 1803 5064 est

207 5103 465 5161 credere.
496 5100 617 5154 Non
659 5097 824 5171 igitur
852 5097 1105 5152 convenit
1135 5112 1256 5168 quae
1275 5097 1344 5152 de
1374 5098 1490 5153 Deo
1545 5106 1804 5169 tanquam
1864 5119 1873 5127 -

209 5206 478 5262 corporeo
506 5189 649 5244 dicta
668 5194 793 5241 sunt
828 5185 897 5240 ad
928 5186 1162 5240 litteram
1193 5185 1364 5240 solam
1414 5201 1714 5257 exponere.
1748 5185 1804 5243 Si

211 5280 357 5337 enim
388 5279 509 5352 quis
536 5279 641 5332 hoc
675 5274 895 5343 sentiat,
956 5283 1007 5330 et
1029 5274 1320 5346 Scriptura:
1348 5275 1550 5346 pariter
1603 5283 1657 5331 et
1711 5290 1808 5331 ra-

212 5369 350 5426 tioni
378 5365 689 5424 contrarius
719 5370 919 5421 exstat.

285 5508 530 5563 Mersus.
563 5503 700 5560 Volo
720 5501 980 5559 ostendas
1010 5516 1176 5574 quare
1206 5499 1326 5575 quis
1359 5500 1432 5559 ita
1453 5501 1729 5574 accipiens
1741 5502 1812 5557 sit

215 5597 510 5668 Scriptura:
538 5592 859 5649 contrarius.

294 5725 535 5777 Pramus.
575 5715 843 5787 Quoniam
871 5715 1046 5771 Deum
1076 5715 1369 5789 imaginem
1392 5723 1483 5772 aut
1504 5710 1813 5771 similitudi-

214 5828 343 5870 nem
403 5808 569 5863 ullam
624 5806 832 5861 habere
887 5805 1156 5871 dicamus,
1187 5807 1373 5863 multis
1420 5807 1810 5877 prophetarum

217 5896 640 5962 auctoritatibus
668 5892 1030 5949 contraimus.
1083 5895 1300 5966 Moyses
1327 5894 1473 5951 enim
1526 5894 1660 5952 dicit
1688 5892 1814 5952 ﬁliis

537 5993 803 6057 Puncta
833 5990 1075 6055 CLVII.

1906 4717 2090 4775 omnia
2118 4715 2366 4787 corporis
2394 4715 2640 4770 membra
2668 4713 2873 4767 habere
2902 4711 3168 4778 dicentes,
3194 4712 3503 4783 Scripturas

1909 4831 2134 4889 quarum
2165 4816 2270 4870 hoc
2292 4812 2615 4869 auctoritate
2650 4810 2899 4866 volumus
2928 4808 3181 4881 probare,
3215 4809 3503 4882 superficie

1908 4914 2067 4961 tenus
2085 4918 2446 4975 exponamus,
2490 4899 2748 4956 omnibus
2796 4897 3125 4970 supradictis
3181 4898 3505 4956 testimoniis

1911 4993 2265 5051 contraimus.

1981 5083 2227 5141 Morsas.
2262 5078 2402 5149 Quia
2424 5092 2619 5134 sensus
2652 5091 2811 5131 meus
2841 5082 3113 5147 quantum
3152 5074 3508 5149 Scripturissi

1912 5171 2212 5229 contrarius
2242 5169 2422 5235 video,
2474 5173 2734 5239 quantum
2764 5173 2816 5220 et
2859 5178 2892 5219 a
2922 5163 3131 5219 ratione
3186 5164 3384 5235 deviet,
3418 5183 3505 5224 se-

1912 5262 2145 5320 cundum
2179 5257 2513 5332 promissum
2545 5254 2732 5310 audire
2763 5253 3042 5309 desidero.

1988 5352 2221 5407 Parnus.
2273 5348 2332 5402 In
2388 5360 2609 5418 magna:
2651 5342 2875 5399 rationis
2952 5341 3153 5413 palatio
3201 5343 3508 5401 accubituri

1915 5441 2087 5512 ipsius
2134 5437 2317 5510 palatii
2359 5434 2532 5491 solum
2557 5432 2885 5505 quibusdam
2944 5431 3332 5487 sententiarum
3358 5431 3510 5489 ﬂori-

1915 5530 2018 5586 bus
2048 5532 2378 5595 sternamus,
2432 5532 2490 5579 ut
2518 5533 2641 5594 post
2661 5519 3037 5577 delectabilius
3094 5519 3149 5575 in
3170 5536 3238 5577 eo
3287 5520 3512 5578 ratioci-

1916 5618 2092 5676 naturi
2120 5618 2435 5673 sedeamus.
2476 5613 2698 5684 Illaeque
2719 5608 3003 5668 sententiae
3023 5618 3184 5666 erunt
3209 5610 3368 5666 nobis
3399 5610 3514 5682 qui-

1917 5711 2041 5767 dam
2075 5707 2281 5778 gradus
2307 5706 2375 5761 ad
2406 5702 2874 5774 comprobandum
2908 5700 3047 5767 quod
3080 5700 3226 5754 Deus
3255 5699 3342 5766 sit,
3376 5707 3428 5755 et
3441 5699 3512 5755 ad

1918 5796 2363 5872 cognoscendum
2384 5792 2516 5865 quid
2574 5790 2666 5846 sit.
2709 5790 2864 5845 Prius
2892 5790 3036 5844 enim
3092 5786 3356 5844 debemus
3385 5803 3515 5859 pro-

1921 5891 2056 5946 bare
2086 5889 2259 5944 Deum
2287 5899 2432 5950 esse,
2465 5889 2520 5938 et
2544 5888 2669 5954 post
2723 5877 3019 5935 ostendere
3044 5876 3181 5933 nihil
3237 5877 3312 5931 illi
3340 5874 3519 5931 simile

3167 5973 3242 6036 18
