  <div class='ocr_page' id='page_1' title='image "/cluster/home/n/w/nwhite01/storage/ocr_20150623/156-157/uc1.31175010662024/919.png"; bbox 0 0 3966 6440; ppageno 0'>
   <div class='ocr_carea' id='block_1_1' title="bbox 607 362 710 415">
    <p class='ocr_par' dir='ltr' id='par_1_1' title="bbox 607 362 710 415">
     <span class='ocr_line' id='line_1_1' title="bbox 607 362 710 415; baseline -0.01 0"><span class='ocrx_word' id='word_1_1' title='bbox 607 362 710 415; x_wconf 82' lang='grc'><strong>555</strong></span> 
     </span>
    </p>
   </div>
   <div class='ocr_carea' id='block_1_2' title="bbox 1533 366 2987 446">
    <p class='ocr_par' dir='ltr' id='par_1_2' title="bbox 1533 366 2987 446">
     <span class='ocr_line' id='line_1_2' title="bbox 1533 366 2987 446; baseline 0.019 -27"><span class='ocrx_word' id='word_1_2' title='bbox 1533 366 1736 421; x_wconf 84' lang='lat' dir='ltr'><strong>PETRI</strong></span> <span class='ocrx_word' id='word_1_3' title='bbox 1773 367 2123 425; x_wconf 83' lang='lat' dir='ltr'><strong>ALPHONSI</strong></span> <span class='ocrx_word' id='word_1_4' title='bbox 2161 368 2260 425; x_wconf 85' lang='lat' dir='ltr'><strong>EX</strong></span> <span class='ocrx_word' id='word_1_5' title='bbox 2298 371 2541 436; x_wconf 76' lang='grc' dir='ltr'><strong>ΠΗ)Εο</strong></span> <span class='ocrx_word' id='word_1_6' title='bbox 2580 380 2987 446; x_wconf 79' lang='lat' dir='ltr'><strong>CHRISTIANI</strong></span> 
     </span>
    </p>
   </div>
   <div class='ocr_carea' id='block_1_3' title="bbox 3808 410 3896 463">
    <p class='ocr_par' dir='ltr' id='par_1_3' title="bbox 3808 410 3896 463">
     <span class='ocr_line' id='line_1_3' title="bbox 3808 410 3896 463; baseline 0.023 -1"><span class='ocrx_word' id='word_1_7' title='bbox 3808 410 3896 463; x_wconf 82' lang='lat'><strong>556</strong></span> 
     </span>
    </p>
   </div>
   <div class='ocr_carea' id='block_1_4' title="bbox 603 486 3888 600">
    <p class='ocr_par' dir='ltr' id='par_1_4' title="bbox 603 486 3888 600">
     <span class='ocr_line' id='line_1_4' title="bbox 603 486 3888 600; baseline 0.011 -55"><span class='ocrx_word' id='word_1_8' title='bbox 603 504 752 545; x_wconf 82' lang='lat' dir='ltr'><strong>esse.</strong></span> <span class='ocrx_word' id='word_1_9' title='bbox 795 487 1059 557; x_wconf 81' lang='lat' dir='ltr'><strong>Quaedam</strong></span> <span class='ocrx_word' id='word_1_10' title='bbox 1089 486 1233 542; x_wconf 90' lang='lat' dir='ltr'><strong>enim</strong></span> <span class='ocrx_word' id='word_1_11' title='bbox 1270 500 1401 557; x_wconf 90' lang='lat' dir='ltr'><strong>pars</strong></span> <span class='ocrx_word' id='word_1_12' title='bbox 1430 487 1709 544; x_wconf 85' lang='lat' dir='ltr'><strong>hominum</strong></span> <span class='ocrx_word' id='word_1_13' title='bbox 1765 499 1819 546; x_wconf 88' lang='lat' dir='ltr'><strong>et</strong></span> <span class='ocrx_word' id='word_1_14' title='bbox 1848 492 2022 547; x_wconf 89' lang='lat' dir='ltr'><strong>Deum</strong></span> <span class='ocrx_word' id='word_1_15' title='bbox 2072 510 2196 548; x_wconf 90' lang='lat' dir='ltr'><strong>esse</strong></span> <span class='ocrx_word' id='word_1_16' title='bbox 2223 494 2281 557; x_wconf 87' lang='lat' dir='ltr'><strong>A</strong></span> <span class='ocrx_word' id='word_1_17' title='bbox 2316 506 2428 554; x_wconf 89' lang='lat' dir='ltr'><strong>tum</strong></span> <span class='ocrx_word' id='word_1_18' title='bbox 2458 518 2581 559; x_wconf 91' lang='lat' dir='ltr'><strong>cum</strong></span> <span class='ocrx_word' id='word_1_19' title='bbox 2602 510 2854 566; x_wconf 89' lang='lat' dir='ltr'><strong>omnibus</strong></span> <span class='ocrx_word' id='word_1_20' title='bbox 2881 530 3005 586; x_wconf 84' lang='lat' dir='ltr'><strong>quae</strong></span> <span class='ocrx_word' id='word_1_21' title='bbox 3030 515 3087 571; x_wconf 92' lang='lat' dir='ltr'><strong>in</strong></span> <span class='ocrx_word' id='word_1_22' title='bbox 3113 534 3180 574; x_wconf 90' lang='lat' dir='ltr'><strong>eo</strong></span> <span class='ocrx_word' id='word_1_23' title='bbox 3210 526 3336 576; x_wconf 89' lang='lat' dir='ltr'><strong>sunt</strong></span> <span class='ocrx_word' id='word_1_24' title='bbox 3363 538 3490 579; x_wconf 87' lang='lat' dir='ltr'><strong>esse</strong></span> <span class='ocrx_word' id='word_1_25' title='bbox 3518 529 3888 600; x_wconf 85' lang='lat' dir='ltr'><strong>compositum.</strong></span> 
     </span>
     <span class='ocr_line' id='line_1_5' title="bbox 645 577 2533 600; baseline 0 0"><span class='ocrx_word' id='word_1_26' title='bbox 645 586 801 600; x_wconf 64' lang='lat' dir='ltr'><strong>-__..a</strong></span> <span class='ocrx_word' id='word_1_27' title='bbox 861 586 905 600; x_wconf 69' lang='grc' dir='ltr'><strong>,Α</strong></span> <span class='ocrx_word' id='word_1_28' title='bbox 957 578 1212 600; x_wconf 53' lang='grc' dir='ltr'><strong>...ημνιημ</strong></span> <span class='ocrx_word' id='word_1_29' title='bbox 1273 577 1336 600; x_wconf 76' lang='lat' dir='ltr'><strong>-L</strong></span> <span class='ocrx_word' id='word_1_30' title='bbox 1387 587 1585 600; x_wconf 55' lang='grc' dir='ltr'><strong>...ιη-...Α</strong></span> <span class='ocrx_word' id='word_1_31' title='bbox 1648 594 1705 600; x_wconf 70' lang='grc'><strong>--</strong></span> <span class='ocrx_word' id='word_1_32' title='bbox 1770 581 1878 600; x_wconf 64' lang='lat'><strong>-3..-</strong></span> <span class='ocrx_word' id='word_1_33' title='bbox 1941 581 2121 600; x_wconf 29' lang='lat' dir='ltr'><strong>n,en.e</strong></span> <span class='ocrx_word' id='word_1_34' title='bbox 2306 589 2327 600; x_wconf 69' lang='lat'><strong>&lt;-</strong></span> <span class='ocrx_word' id='word_1_35' title='bbox 2436 591 2449 600; x_wconf 79' lang='grc'>.</span> <span class='ocrx_word' id='word_1_36' title='bbox 2523 594 2533 600; x_wconf 91' lang='grc'>.</span> 
     </span>
    </p>
   </div>
   <div class='ocr_carea' id='block_1_5' title="bbox 600 577 2198 650">
    <p class='ocr_par' dir='ltr' id='par_1_5' title="bbox 600 577 2198 650">
     <span class='ocr_line' id='line_1_6' title="bbox 600 577 2198 650; baseline 0.003 -17"><span class='ocrx_word' id='word_1_37' title='bbox 600 586 823 650; x_wconf 86' lang='lat' dir='ltr'><strong>negant,</strong></span> <span class='ocrx_word' id='word_1_38' title='bbox 856 586 910 633; x_wconf 86' lang='lat' dir='ltr'><strong>et</strong></span> <span class='ocrx_word' id='word_1_39' title='bbox 957 578 1216 632; x_wconf 90' lang='lat' dir='ltr'><strong>mundum</strong></span> <span class='ocrx_word' id='word_1_40' title='bbox 1271 577 1340 630; x_wconf 87' lang='lat' dir='ltr'><strong>ab</strong></span> <span class='ocrx_word' id='word_1_41' title='bbox 1385 587 1591 634; x_wconf 71' lang='lat' dir='ltr'><strong>arterno</strong></span> <span class='ocrx_word' id='word_1_42' title='bbox 1646 594 1710 635; x_wconf 87' lang='lat' dir='ltr'><strong>ac</strong></span> <span class='ocrx_word' id='word_1_43' title='bbox 1766 581 1885 636; x_wconf 86' lang='lat' dir='ltr'><strong>sine</strong></span> <span class='ocrx_word' id='word_1_44' title='bbox 1939 581 2198 639; x_wconf 85' lang='lat' dir='ltr'><strong>Creatore</strong></span> 
     </span>
    </p>
   </div>
   <div class='ocr_carea' id='block_1_6' title="bbox 604 665 2197 740">
    <p class='ocr_par' dir='ltr' id='par_1_6' title="bbox 604 665 2197 740">
     <span class='ocr_line' id='line_1_7' title="bbox 604 665 2197 740; baseline 0.002 -17"><span class='ocrx_word' id='word_1_45' title='bbox 604 668 771 723; x_wconf 78' lang='lat' dir='ltr'><strong>fuisse</strong></span> <span class='ocrx_word' id='word_1_46' title='bbox 827 667 1172 724; x_wconf 81' lang='lat' dir='ltr'><strong>conﬁrmant.</strong></span> <span class='ocrx_word' id='word_1_47' title='bbox 1233 665 1369 735; x_wconf 71' lang='lat' dir='ltr'><strong>Quae</strong></span> <span class='ocrx_word' id='word_1_48' title='bbox 1411 683 1510 723; x_wconf 91' lang='lat' dir='ltr'><strong>nos</strong></span> <span class='ocrx_word' id='word_1_49' title='bbox 1588 671 1891 727; x_wconf 72' lang='lat' dir='ltr'><strong>necessitas</strong></span> <span class='ocrx_word' id='word_1_50' title='bbox 1953 673 2101 740; x_wconf 78' lang='lat' dir='ltr'><strong>cogit</strong></span> <span class='ocrx_word' id='word_1_51' title='bbox 2141 681 2197 727; x_wconf 91' lang='lat' dir='ltr'><strong>ut</strong></span> 
     </span>
    </p>
   </div>
   <div class='ocr_carea' id='block_1_7' title="bbox 598 757 2185 829">
    <p class='ocr_par' dir='ltr' id='par_1_7' title="bbox 598 757 2185 829">
     <span class='ocr_line' id='line_1_8' title="bbox 598 757 2185 829; baseline 0.003 -17"><span class='ocrx_word' id='word_1_52' title='bbox 598 774 733 829; x_wconf 87' lang='lat' dir='ltr'><strong>prus</strong></span> <span class='ocrx_word' id='word_1_53' title='bbox 766 759 937 813; x_wconf 90' lang='lat' dir='ltr'><strong>Deum</strong></span> <span class='ocrx_word' id='word_1_54' title='bbox 969 774 1091 813; x_wconf 85' lang='lat' dir='ltr'><strong>esse</strong></span> <span class='ocrx_word' id='word_1_55' title='bbox 1122 757 1214 828; x_wconf 88' lang='lat' dir='ltr'><strong>qui</strong></span> <span class='ocrx_word' id='word_1_56' title='bbox 1244 758 1505 812; x_wconf 90' lang='lat' dir='ltr'><strong>mundum</strong></span> <span class='ocrx_word' id='word_1_57' title='bbox 1536 760 1743 814; x_wconf 86' lang='lat' dir='ltr'><strong>creavit</strong></span> <span class='ocrx_word' id='word_1_58' title='bbox 1796 771 2185 818; x_wconf 85' lang='lat' dir='ltr'><strong>monstremus.</strong></span> 
     </span>
    </p>
   </div>
   <div class='ocr_carea' id='block_1_8' title="bbox 668 874 2197 951">
    <p class='ocr_par' dir='ltr' id='par_1_8' title="bbox 668 874 2197 951">
     <span class='ocr_line' id='line_1_9' title="bbox 668 874 2197 951; baseline 0.002 -19"><span class='ocrx_word' id='word_1_59' title='bbox 668 878 921 932; x_wconf 77' lang='lat' dir='ltr'><strong>Morsns.</strong></span> <span class='ocrx_word' id='word_1_60' title='bbox 962 874 1142 944; x_wconf 90' lang='lat' dir='ltr'><strong>Quare</strong></span> <span class='ocrx_word' id='word_1_61' title='bbox 1169 875 1275 932; x_wconf 89' lang='lat' dir='ltr'><strong>hoc</strong></span> <span class='ocrx_word' id='word_1_62' title='bbox 1302 874 1359 931; x_wconf 90' lang='lat' dir='ltr'><strong>in</strong></span> <span class='ocrx_word' id='word_1_63' title='bbox 1389 876 1666 947; x_wconf 68' lang='lat' dir='ltr'><strong>pmdictis</strong></span> <span class='ocrx_word' id='word_1_64' title='bbox 1694 877 1765 933; x_wconf 90' lang='lat' dir='ltr'><strong>de</strong></span> <span class='ocrx_word' id='word_1_65' title='bbox 1793 878 2088 951; x_wconf 89' lang='lat' dir='ltr'><strong>Scripturis</strong></span> <span class='ocrx_word' id='word_1_66' title='bbox 2117 879 2197 936; x_wconf 85' lang='lat' dir='ltr'><strong>lo-</strong></span> 
     </span>
    </p>
   </div>
   <div class='ocr_carea' id='block_1_9' title="bbox 600 963 2194 1040">
    <p class='ocr_par' dir='ltr' id='par_1_9' title="bbox 600 963 2194 1040">
     <span class='ocr_line' id='line_1_10' title="bbox 600 963 2194 1040; baseline 0.002 -18"><span class='ocrx_word' id='word_1_67' title='bbox 600 983 773 1040; x_wconf 89' lang='lat' dir='ltr'><strong>quens</strong></span> <span class='ocrx_word' id='word_1_68' title='bbox 801 965 1024 1021; x_wconf 90' lang='lat' dir='ltr'><strong>minime</strong></span> <span class='ocrx_word' id='word_1_69' title='bbox 1063 963 1258 1032; x_wconf 80' lang='lat' dir='ltr'><strong>fecisti,</strong></span> <span class='ocrx_word' id='word_1_70' title='bbox 1319 973 1377 1021; x_wconf 87' lang='lat' dir='ltr'><strong>ut</strong></span> <span class='ocrx_word' id='word_1_71' title='bbox 1404 966 1558 1038; x_wconf 86' lang='lat' dir='ltr'><strong>prius</strong></span> <span class='ocrx_word' id='word_1_72' title='bbox 1604 968 1779 1023; x_wconf 88' lang='lat' dir='ltr'><strong>Deum</strong></span> <span class='ocrx_word' id='word_1_73' title='bbox 1826 984 1951 1025; x_wconf 87' lang='lat' dir='ltr'><strong>esse</strong></span> <span class='ocrx_word' id='word_1_74' title='bbox 2003 977 2194 1026; x_wconf 87' lang='lat' dir='ltr'><strong>osten-</strong></span> 
     </span>
    </p>
   </div>
   <div class='ocr_carea' id='block_1_10' title="bbox 597 1057 801 1115">
    <p class='ocr_par' dir='ltr' id='par_1_10' title="bbox 597 1057 801 1115">
     <span class='ocr_line' id='line_1_11' title="bbox 597 1057 801 1115; baseline -0.02 -1"><span class='ocrx_word' id='word_1_75' title='bbox 597 1058 757 1115; x_wconf 89' lang='lat' dir='ltr'><strong>deres</strong></span> <span class='ocrx_word' id='word_1_76' title='bbox 773 1057 801 1110; x_wconf 60' lang='grc' dir='ltr'>εὶ</span> 
     </span>
    </p>
   </div>
   <div class='ocr_carea' id='block_1_11' title="bbox 668 1168 2189 1242">
    <p class='ocr_par' dir='ltr' id='par_1_11' title="bbox 668 1168 2189 1242">
     <span class='ocr_line' id='line_1_12' title="bbox 668 1168 2189 1242; baseline 0.001 -15"><span class='ocrx_word' id='word_1_77' title='bbox 668 1173 910 1229; x_wconf 69' lang='lat' dir='ltr'><strong>Penus.</strong></span> <span class='ocrx_word' id='word_1_78' title='bbox 993 1168 1099 1239; x_wconf 86' lang='lat' dir='ltr'><strong>Qui</strong></span> <span class='ocrx_word' id='word_1_79' title='bbox 1183 1169 1480 1242; x_wconf 90' lang='lat' dir='ltr'><strong>Scripturis</strong></span> <span class='ocrx_word' id='word_1_80' title='bbox 1542 1170 1723 1229; x_wconf 79' lang='lat' dir='ltr'><strong>ﬁdem</strong></span> <span class='ocrx_word' id='word_1_81' title='bbox 1808 1174 2189 1241; x_wconf 88' lang='lat' dir='ltr'><strong>accomodant,</strong></span> 
     </span>
    </p>
   </div>
   <div class='ocr_carea' id='block_1_12' title="bbox 597 1260 2194 1333">
    <p class='ocr_par' dir='ltr' id='par_1_12' title="bbox 597 1260 2194 1333">
     <span class='ocr_line' id='line_1_13' title="bbox 597 1260 2194 1333; baseline 0 -12"><span class='ocrx_word' id='word_1_82' title='bbox 597 1264 770 1321; x_wconf 89' lang='lat' dir='ltr'><strong>Deum</strong></span> <span class='ocrx_word' id='word_1_83' title='bbox 814 1275 938 1316; x_wconf 87' lang='lat' dir='ltr'><strong>esse</strong></span> <span class='ocrx_word' id='word_1_84' title='bbox 976 1272 1084 1315; x_wconf 88' lang='lat' dir='ltr'><strong>non</strong></span> <span class='ocrx_word' id='word_1_85' title='bbox 1133 1268 1353 1329; x_wconf 85' lang='lat' dir='ltr'><strong>negant,</strong></span> <span class='ocrx_word' id='word_1_86' title='bbox 1410 1260 1645 1333; x_wconf 85' lang='lat' dir='ltr'><strong>ideoque</strong></span> <span class='ocrx_word' id='word_1_87' title='bbox 1683 1277 1792 1319; x_wconf 90' lang='lat' dir='ltr'><strong>non</strong></span> <span class='ocrx_word' id='word_1_88' title='bbox 1817 1280 2048 1320; x_wconf 88' lang='lat' dir='ltr'><strong>necesse</strong></span> <span class='ocrx_word' id='word_1_89' title='bbox 2084 1263 2194 1320; x_wconf 82' lang='lat' dir='ltr'><strong>fuit</strong></span> 
     </span>
    </p>
   </div>
   <div class='ocr_carea' id='block_1_13' title="bbox 597 1349 2191 1426">
    <p class='ocr_par' dir='ltr' id='par_1_13' title="bbox 597 1349 2191 1426">
     <span class='ocr_line' id='line_1_14' title="bbox 597 1349 2191 1426; baseline 0 -19"><span class='ocrx_word' id='word_1_90' title='bbox 597 1352 840 1426; x_wconf 86' lang='lat' dir='ltr'><strong>probare</strong></span> <span class='ocrx_word' id='word_1_91' title='bbox 895 1350 1002 1405; x_wconf 91' lang='lat' dir='ltr'><strong>hoc</strong></span> <span class='ocrx_word' id='word_1_92' title='bbox 1043 1349 1334 1420; x_wconf 78' lang='lat' dir='ltr'><strong>Scripturae</strong></span> <span class='ocrx_word' id='word_1_93' title='bbox 1386 1350 1758 1421; x_wconf 83' lang='lat' dir='ltr'><strong>credentibus,</strong></span> <span class='ocrx_word' id='word_1_94' title='bbox 1806 1353 1905 1410; x_wconf 88' lang='lat' dir='ltr'><strong>sed</strong></span> <span class='ocrx_word' id='word_1_95' title='bbox 1950 1360 2191 1409; x_wconf 87' lang='lat' dir='ltr'><strong>tantum-</strong></span> 
     </span>
    </p>
   </div>
   <div class='ocr_carea' id='block_1_14' title="bbox 600 1438 1567 1511">
    <p class='ocr_par' dir='ltr' id='par_1_14' title="bbox 600 1438 1567 1511">
     <span class='ocr_line' id='line_1_15' title="bbox 600 1438 1567 1511; baseline -0.004 -12"><span class='ocrx_word' id='word_1_96' title='bbox 600 1442 764 1499; x_wconf 88' lang='lat' dir='ltr'><strong>modo</strong></span> <span class='ocrx_word' id='word_1_97' title='bbox 790 1439 925 1495; x_wconf 82' lang='lat' dir='ltr'><strong>nulli</strong></span> <span class='ocrx_word' id='word_1_98' title='bbox 955 1438 1160 1511; x_wconf 86' lang='lat' dir='ltr'><strong>scripto</strong></span> <span class='ocrx_word' id='word_1_99' title='bbox 1188 1439 1567 1495; x_wconf 86' lang='lat' dir='ltr'><strong>credentibus.</strong></span> 
     </span>
    </p>
   </div>
   <div class='ocr_carea' id='block_1_15' title="bbox 664 1538 2191 1611">
    <p class='ocr_par' dir='ltr' id='par_1_15' title="bbox 664 1538 2191 1611">
     <span class='ocr_line' id='line_1_16' title="bbox 664 1538 2191 1611; baseline 0.001 -16"><span class='ocrx_word' id='word_1_100' title='bbox 664 1543 909 1596; x_wconf 74' lang='lat' dir='ltr'><strong>Morsns.</strong></span> <span class='ocrx_word' id='word_1_101' title='bbox 954 1538 1092 1593; x_wconf 91' lang='lat' dir='ltr'><strong>Cum</strong></span> <span class='ocrx_word' id='word_1_102' title='bbox 1148 1538 1319 1593; x_wconf 89' lang='lat' dir='ltr'><strong>Deum</strong></span> <span class='ocrx_word' id='word_1_103' title='bbox 1371 1554 1494 1594; x_wconf 91' lang='lat' dir='ltr'><strong>esse</strong></span> <span class='ocrx_word' id='word_1_104' title='bbox 1535 1554 1638 1610; x_wconf 89' lang='lat' dir='ltr'><strong>per</strong></span> <span class='ocrx_word' id='word_1_105' title='bbox 1694 1539 2007 1611; x_wconf 89' lang='lat' dir='ltr'><strong>Scripturas</strong></span> <span class='ocrx_word' id='word_1_106' title='bbox 2051 1541 2191 1597; x_wconf 91' lang='lat' dir='ltr'><strong>nolis</strong></span> 
     </span>
    </p>
   </div>
   <div class='ocr_carea' id='block_1_16' title="bbox 592 1627 2191 1705">
    <p class='ocr_par' dir='ltr' id='par_1_16' title="bbox 592 1627 2191 1705">
     <span class='ocr_line' id='line_1_17' title="bbox 592 1627 2191 1705; baseline 0 -18"><span class='ocrx_word' id='word_1_107' title='bbox 592 1633 848 1705; x_wconf 89' lang='lat' dir='ltr'><strong>probare,</strong></span> <span class='ocrx_word' id='word_1_108' title='bbox 881 1629 1109 1700; x_wconf 87' lang='lat' dir='ltr'><strong>ipseque</strong></span> <span class='ocrx_word' id='word_1_109' title='bbox 1152 1627 1303 1682; x_wconf 92' lang='lat' dir='ltr'><strong>nullo</strong></span> <span class='ocrx_word' id='word_1_110' title='bbox 1360 1644 1526 1683; x_wconf 89' lang='lat' dir='ltr'><strong>sensu</strong></span> <span class='ocrx_word' id='word_1_111' title='bbox 1556 1644 1822 1701; x_wconf 91' lang='lat' dir='ltr'><strong>corporeo</strong></span> <span class='ocrx_word' id='word_1_112' title='bbox 1851 1630 1923 1684; x_wconf 86' lang='lat' dir='ltr'><strong>sit</strong></span> <span class='ocrx_word' id='word_1_113' title='bbox 1941 1646 2191 1702; x_wconf 89' lang='lat' dir='ltr'><strong>compre-</strong></span> 
     </span>
    </p>
   </div>
   <div class='ocr_carea' id='block_1_17' title="bbox 593 1715 2191 1792">
    <p class='ocr_par' dir='ltr' id='par_1_17' title="bbox 593 1715 2191 1792">
     <span class='ocr_line' id='line_1_18' title="bbox 593 1715 2191 1792; baseline -0.002 -13"><span class='ocrx_word' id='word_1_114' title='bbox 593 1719 903 1788; x_wconf 87' lang='lat' dir='ltr'><strong>hensibilis,</strong></span> <span class='ocrx_word' id='word_1_115' title='bbox 935 1717 1167 1772; x_wconf 90' lang='lat' dir='ltr'><strong>multum</strong></span> <span class='ocrx_word' id='word_1_116' title='bbox 1193 1715 1385 1772; x_wconf 89' lang='lat' dir='ltr'><strong>audire</strong></span> <span class='ocrx_word' id='word_1_117' title='bbox 1415 1733 1503 1773; x_wconf 91' lang='lat' dir='ltr'><strong>me</strong></span> <span class='ocrx_word' id='word_1_118' title='bbox 1526 1717 1684 1787; x_wconf 83' lang='lat' dir='ltr'><strong>juvat</strong></span> <span class='ocrx_word' id='word_1_119' title='bbox 1715 1735 1823 1792; x_wconf 90' lang='lat' dir='ltr'><strong>qua</strong></span> <span class='ocrx_word' id='word_1_120' title='bbox 1852 1720 2061 1776; x_wconf 88' lang='lat' dir='ltr'><strong>ratione</strong></span> <span class='ocrx_word' id='word_1_121' title='bbox 2072 1721 2191 1792; x_wconf 89' lang='lat' dir='ltr'><strong>phi-</strong></span> 
     </span>
    </p>
   </div>
   <div class='ocr_carea' id='block_1_18' title="bbox 608 1814 1461 1891">
    <p class='ocr_par' dir='ltr' id='par_1_18' title="bbox 608 1814 1461 1891">
     <span class='ocr_line' id='line_1_19' title="bbox 608 1814 1461 1891; baseline -0.009 -13"><span class='ocrx_word' id='word_1_122' title='bbox 608 1818 868 1891; x_wconf 88' lang='lat' dir='ltr'><strong>osophica</strong></span> <span class='ocrx_word' id='word_1_123' title='bbox 888 1814 1235 1887; x_wconf 86' lang='lat' dir='ltr'><strong>comprobari</strong></span> <span class='ocrx_word' id='word_1_124' title='bbox 1262 1814 1461 1872; x_wconf 82' lang='lat' dir='ltr'><strong>valeat.</strong></span> 
     </span>
    </p>
   </div>
   <div class='ocr_carea' id='block_1_19' title="bbox 660 1915 2185 1990">
    <p class='ocr_par' dir='ltr' id='par_1_19' title="bbox 660 1915 2185 1990">
     <span class='ocr_line' id='line_1_20' title="bbox 660 1915 2185 1990; baseline -0.003 -13"><span class='ocrx_word' id='word_1_125' title='bbox 660 1923 898 1977; x_wconf 65' lang='lat' dir='ltr'><strong>Parens.</strong></span> <span class='ocrx_word' id='word_1_126' title='bbox 932 1916 989 1973; x_wconf 90' lang='lat' dir='ltr'><strong>Si</strong></span> <span class='ocrx_word' id='word_1_127' title='bbox 1026 1915 1287 1971; x_wconf 86' lang='lat' dir='ltr'><strong>mundum</strong></span> <span class='ocrx_word' id='word_1_128' title='bbox 1317 1930 1441 1971; x_wconf 90' lang='lat' dir='ltr'><strong>cum</strong></span> <span class='ocrx_word' id='word_1_129' title='bbox 1470 1915 1725 1972; x_wconf 92' lang='lat' dir='ltr'><strong>omnibus</strong></span> <span class='ocrx_word' id='word_1_130' title='bbox 1754 1934 1877 1990; x_wconf 78' lang='lat' dir='ltr'><strong>quae</strong></span> <span class='ocrx_word' id='word_1_131' title='bbox 1906 1917 1959 1973; x_wconf 93' lang='lat' dir='ltr'><strong>in</strong></span> <span class='ocrx_word' id='word_1_132' title='bbox 1981 1934 2047 1975; x_wconf 87' lang='lat' dir='ltr'><strong>eo</strong></span> <span class='ocrx_word' id='word_1_133' title='bbox 2064 1926 2185 1975; x_wconf 91' lang='lat' dir='ltr'><strong>sunt</strong></span> 
     </span>
    </p>
   </div>
   <div class='ocr_carea' id='block_1_20' title="bbox 589 2007 2185 2080">
    <p class='ocr_par' dir='ltr' id='par_1_20' title="bbox 589 2007 2185 2080">
     <span class='ocr_line' id='line_1_21' title="bbox 589 2007 2185 2080; baseline -0.003 -11"><span class='ocrx_word' id='word_1_134' title='bbox 589 2019 827 2070; x_wconf 88' lang='lat' dir='ltr'><strong>creatum</strong></span> <span class='ocrx_word' id='word_1_135' title='bbox 900 2022 1022 2062; x_wconf 91' lang='lat' dir='ltr'><strong>esse</strong></span> <span class='ocrx_word' id='word_1_136' title='bbox 1052 2014 1455 2073; x_wconf 88' lang='lat' dir='ltr'><strong>monstravero,</strong></span> <span class='ocrx_word' id='word_1_137' title='bbox 1508 2014 1641 2063; x_wconf 89' lang='lat' dir='ltr'><strong>tunc</strong></span> <span class='ocrx_word' id='word_1_138' title='bbox 1664 2007 1835 2062; x_wconf 90' lang='lat' dir='ltr'><strong>Deum</strong></span> <span class='ocrx_word' id='word_1_139' title='bbox 1867 2008 1960 2080; x_wconf 89' lang='lat' dir='ltr'><strong>qui</strong></span> <span class='ocrx_word' id='word_1_140' title='bbox 2007 2008 2185 2064; x_wconf 91' lang='lat' dir='ltr'><strong>inter-</strong></span> 
     </span>
    </p>
   </div>
   <div class='ocr_carea' id='block_1_21' title="bbox 585 2095 1969 2174">
    <p class='ocr_par' dir='ltr' id='par_1_21' title="bbox 585 2095 1969 2174">
     <span class='ocr_line' id='line_1_22' title="bbox 585 2095 1969 2174; baseline -0.003 -17"><span class='ocrx_word' id='word_1_141' title='bbox 585 2108 831 2174; x_wconf 87' lang='lat' dir='ltr'><strong>pretatur</strong></span> <span class='ocrx_word' id='word_1_142' title='bbox 856 2098 1094 2153; x_wconf 81' lang='lat' dir='ltr'><strong>Creator</strong></span> <span class='ocrx_word' id='word_1_143' title='bbox 1121 2095 1436 2151; x_wconf 89' lang='lat' dir='ltr'><strong>necessario</strong></span> <span class='ocrx_word' id='word_1_144' title='bbox 1467 2111 1590 2151; x_wconf 91' lang='lat' dir='ltr'><strong>esse</strong></span> <span class='ocrx_word' id='word_1_145' title='bbox 1621 2096 1969 2153; x_wconf 88' lang='lat' dir='ltr'><strong>concludam.</strong></span> 
     </span>
    </p>
   </div>
   <div class='ocr_carea' id='block_1_22' title="bbox 654 2202 1980 2275">
    <p class='ocr_par' dir='ltr' id='par_1_22' title="bbox 654 2202 1980 2275">
     <span class='ocr_line' id='line_1_23' title="bbox 654 2202 1980 2275; baseline -0.003 -13"><span class='ocrx_word' id='word_1_146' title='bbox 654 2208 909 2263; x_wconf 78' lang='lat' dir='ltr'><strong>Movsss.</strong></span> <span class='ocrx_word' id='word_1_147' title='bbox 948 2205 1013 2259; x_wconf 87' lang='lat' dir='ltr'><strong>Et</strong></span> <span class='ocrx_word' id='word_1_148' title='bbox 1031 2202 1306 2275; x_wconf 90' lang='lat' dir='ltr'><strong>quomodo</strong></span> <span class='ocrx_word' id='word_1_149' title='bbox 1328 2202 1433 2259; x_wconf 92' lang='lat' dir='ltr'><strong>hoc</strong></span> <span class='ocrx_word' id='word_1_150' title='bbox 1460 2202 1700 2273; x_wconf 87' lang='lat' dir='ltr'><strong>probare</strong></span> <span class='ocrx_word' id='word_1_151' title='bbox 1719 2204 1923 2275; x_wconf 88' lang='lat' dir='ltr'><strong>poteris</strong></span> <span class='ocrx_word' id='word_1_152' title='bbox 1951 2206 1980 2258; x_wconf 77' lang='lat' dir='ltr'><strong>‘I</strong></span> 
     </span>
    </p>
   </div>
   <div class='ocr_carea' id='block_1_23' title="bbox 657 2308 2181 2382">
    <p class='ocr_par' dir='ltr' id='par_1_23' title="bbox 657 2308 2181 2382">
     <span class='ocr_line' id='line_1_24' title="bbox 657 2308 2181 2382; baseline -0.003 -12"><span class='ocrx_word' id='word_1_153' title='bbox 657 2317 894 2370; x_wconf 77' lang='lat' dir='ltr'><strong>Parnus.</strong></span> <span class='ocrx_word' id='word_1_154' title='bbox 929 2311 1134 2382; x_wconf 86' lang='lat' dir='ltr'><strong>Sapere</strong></span> <span class='ocrx_word' id='word_1_155' title='bbox 1165 2308 1337 2363; x_wconf 90' lang='lat' dir='ltr'><strong>tribus</strong></span> <span class='ocrx_word' id='word_1_156' title='bbox 1365 2308 1543 2365; x_wconf 89' lang='lat' dir='ltr'><strong>modis</strong></span> <span class='ocrx_word' id='word_1_157' title='bbox 1573 2309 1798 2366; x_wconf 88' lang='lat' dir='ltr'><strong>dicitur.</strong></span> <span class='ocrx_word' id='word_1_158' title='bbox 1838 2310 2004 2366; x_wconf 86' lang='lat' dir='ltr'><strong>Aliud</strong></span> <span class='ocrx_word' id='word_1_159' title='bbox 2035 2311 2181 2367; x_wconf 90' lang='lat' dir='ltr'><strong>enim</strong></span> 
     </span>
    </p>
   </div>
   <div class='ocr_carea' id='block_1_24' title="bbox 585 2399 2183 2501">
    <p class='ocr_par' dir='ltr' id='par_1_24' title="bbox 585 2399 2183 2501">
     <span class='ocr_line' id='line_1_25' title="bbox 585 2399 2183 2501; baseline -0.003 -39"><span class='ocrx_word' id='word_1_160' title='bbox 585 2412 667 2463; x_wconf 86' lang='lat' dir='ltr'><strong>est</strong></span> <span class='ocrx_word' id='word_1_161' title='bbox 696 2403 849 2475; x_wconf 90' lang='lat' dir='ltr'><strong>quod</strong></span> <span class='ocrx_word' id='word_1_162' title='bbox 878 2399 1099 2472; x_wconf 87' lang='lat' dir='ltr'><strong>aliquod</strong></span> <span class='ocrx_word' id='word_1_163' title='bbox 1154 2413 1418 2468; x_wconf 87' lang='lat' dir='ltr'><strong>corporeo</strong></span> <span class='ocrx_word' id='word_1_164' title='bbox 1456 2413 1625 2454; x_wconf 90' lang='lat' dir='ltr'><strong>sensu</strong></span> <span class='ocrx_word' id='word_1_165' title='bbox 1679 2399 1994 2501; x_wconf 80' lang='lat' dir='ltr'><strong>percipitur,</strong></span> <span class='ocrx_word' id='word_1_166' title='bbox 2037 2402 2183 2501; x_wconf 74' lang='lat' dir='ltr'><strong>aliud</strong></span> 
     </span>
    </p>
   </div>
   <div class='ocr_carea' id='block_1_25' title="bbox 587 2487 2181 2568">
    <p class='ocr_par' dir='ltr' id='par_1_25' title="bbox 587 2487 2181 2568">
     <span class='ocr_line' id='line_1_26' title="bbox 587 2487 2181 2568; baseline -0.003 -18"><span class='ocrx_word' id='word_1_167' title='bbox 587 2493 732 2568; x_wconf 89' lang='lat' dir='ltr'><strong>quod</strong></span> <span class='ocrx_word' id='word_1_168' title='bbox 751 2488 1068 2547; x_wconf 87' lang='lat' dir='ltr'><strong>necessaria</strong></span> <span class='ocrx_word' id='word_1_169' title='bbox 1089 2487 1297 2542; x_wconf 83' lang='lat' dir='ltr'><strong>ratione</strong></span> <span class='ocrx_word' id='word_1_170' title='bbox 1337 2494 1545 2541; x_wconf 89' lang='lat' dir='ltr'><strong>tantum</strong></span> <span class='ocrx_word' id='word_1_171' title='bbox 1598 2491 1972 2560; x_wconf 81' lang='lat' dir='ltr'><strong>cognoscitur,</strong></span> <span class='ocrx_word' id='word_1_172' title='bbox 2032 2490 2181 2546; x_wconf 86' lang='lat' dir='ltr'><strong>aliud</strong></span> 
     </span>
    </p>
   </div>
   <div class='ocr_carea' id='block_1_26' title="bbox 584 2584 2173 2665">
    <p class='ocr_par' dir='ltr' id='par_1_26' title="bbox 584 2584 2173 2665">
     <span class='ocr_line' id='line_1_27' title="bbox 584 2584 2173 2665; baseline -0.003 -18"><span class='ocrx_word' id='word_1_173' title='bbox 584 2590 733 2665; x_wconf 90' lang='lat' dir='ltr'><strong>quod</strong></span> <span class='ocrx_word' id='word_1_174' title='bbox 762 2605 863 2661; x_wconf 89' lang='lat' dir='ltr'><strong>per</strong></span> <span class='ocrx_word' id='word_1_175' title='bbox 892 2585 1124 2642; x_wconf 86' lang='lat' dir='ltr'><strong>aliarum</strong></span> <span class='ocrx_word' id='word_1_176' title='bbox 1178 2601 1364 2640; x_wconf 89' lang='lat' dir='ltr'><strong>rerum</strong></span> <span class='ocrx_word' id='word_1_177' title='bbox 1412 2584 1819 2640; x_wconf 87' lang='lat' dir='ltr'><strong>similitudinem</strong></span> <span class='ocrx_word' id='word_1_178' title='bbox 1874 2587 2173 2643; x_wconf 80' lang='lat' dir='ltr'><strong>invenitur.</strong></span> 
     </span>
    </p>
   </div>
   <div class='ocr_carea' id='block_1_27' title="bbox 583 2674 2181 2777">
    <p class='ocr_par' dir='ltr' id='par_1_27' title="bbox 583 2674 2181 2777">
     <span class='ocr_line' id='line_1_28' title="bbox 583 2674 2181 2777; baseline -0.002 -41"><span class='ocrx_word' id='word_1_179' title='bbox 583 2680 724 2736; x_wconf 91' lang='lat' dir='ltr'><strong>Illud</strong></span> <span class='ocrx_word' id='word_1_180' title='bbox 753 2677 897 2750; x_wconf 90' lang='lat' dir='ltr'><strong>quod</strong></span> <span class='ocrx_word' id='word_1_181' title='bbox 917 2675 1103 2747; x_wconf 87' lang='lat' dir='ltr'><strong>aliquo</strong></span> <span class='ocrx_word' id='word_1_182' title='bbox 1161 2690 1327 2728; x_wconf 89' lang='lat' dir='ltr'><strong>sensu</strong></span> <span class='ocrx_word' id='word_1_183' title='bbox 1357 2674 1676 2777; x_wconf 67' lang='lat' dir='ltr'><strong>percipitur,</strong></span> <span class='ocrx_word' id='word_1_184' title='bbox 1710 2675 1859 2773; x_wconf 80' lang='lat' dir='ltr'><strong>nullo</strong></span> <span class='ocrx_word' id='word_1_185' title='bbox 1876 2676 2181 2777; x_wconf 28' lang='lat' dir='ltr'><strong>alienat-gu-</strong></span> 
     </span>
    </p>
   </div>
   <div class='ocr_carea' id='block_1_28' title="bbox 582 2762 2183 2836">
    <p class='ocr_par' dir='ltr' id='par_1_28' title="bbox 582 2762 2183 2836">
     <span class='ocr_line' id='line_1_29' title="bbox 582 2762 2183 2836; baseline -0.002 -11"><span class='ocrx_word' id='word_1_186' title='bbox 582 2776 767 2825; x_wconf 86' lang='lat' dir='ltr'><strong>mento</strong></span> <span class='ocrx_word' id='word_1_187' title='bbox 796 2762 1147 2836; x_wconf 88' lang='lat' dir='ltr'><strong>comprobari</strong></span> <span class='ocrx_word' id='word_1_188' title='bbox 1202 2768 1402 2833; x_wconf 87' lang='lat' dir='ltr'><strong>potest,</strong></span> <span class='ocrx_word' id='word_1_189' title='bbox 1455 2772 1510 2818; x_wconf 92' lang='lat' dir='ltr'><strong>ut</strong></span> <span class='ocrx_word' id='word_1_190' title='bbox 1561 2763 1759 2834; x_wconf 86' lang='lat' dir='ltr'><strong>aliquis</strong></span> <span class='ocrx_word' id='word_1_191' title='bbox 1816 2780 1850 2820; x_wconf 90' lang='lat' dir='ltr'><strong>a</strong></span> <span class='ocrx_word' id='word_1_192' title='bbox 1904 2766 2183 2822; x_wconf 83' lang='lat' dir='ltr'><strong>nativitate</strong></span> 
     </span>
    </p>
   </div>
   <div class='ocr_carea' id='block_1_29' title="bbox 582 2860 2180 2926">
    <p class='ocr_par' dir='ltr' id='par_1_29' title="bbox 582 2860 2180 2926">
     <span class='ocr_line' id='line_1_30' title="bbox 582 2860 2180 2926; baseline -0.004 0"><span class='ocrx_word' id='word_1_193' title='bbox 582 2883 759 2926; x_wconf 78' lang='lat' dir='ltr'><strong>caecus</strong></span> <span class='ocrx_word' id='word_1_194' title='bbox 789 2864 940 2921; x_wconf 90' lang='lat' dir='ltr'><strong>nullo</strong></span> <span class='ocrx_word' id='word_1_195' title='bbox 971 2862 1075 2917; x_wconf 91' lang='lat' dir='ltr'><strong>alio</strong></span> <span class='ocrx_word' id='word_1_196' title='bbox 1106 2861 1269 2916; x_wconf 91' lang='lat' dir='ltr'><strong>modo</strong></span> <span class='ocrx_word' id='word_1_197' title='bbox 1297 2860 1401 2914; x_wconf 90' lang='lat' dir='ltr'><strong>nisi</strong></span> <span class='ocrx_word' id='word_1_198' title='bbox 1432 2860 1550 2916; x_wconf 93' lang='lat' dir='ltr'><strong>solo</strong></span> <span class='ocrx_word' id='word_1_199' title='bbox 1593 2862 1780 2916; x_wconf 90' lang='lat' dir='ltr'><strong>auditu</strong></span> <span class='ocrx_word' id='word_1_200' title='bbox 1809 2863 2055 2919; x_wconf 91' lang='lat' dir='ltr'><strong>colorum</strong></span> <span class='ocrx_word' id='word_1_201' title='bbox 2084 2881 2180 2919; x_wconf 89' lang='lat' dir='ltr'><strong>va-</strong></span> 
     </span>
    </p>
   </div>
   <div class='ocr_carea' id='block_1_30' title="bbox 582 2950 2183 3025">
    <p class='ocr_par' dir='ltr' id='par_1_30' title="bbox 582 2950 2183 3025">
     <span class='ocr_line' id='line_1_31' title="bbox 582 2950 2183 3025; baseline -0.003 -11"><span class='ocrx_word' id='word_1_202' title='bbox 582 2959 804 3014; x_wconf 87' lang='lat' dir='ltr'><strong>rietates</strong></span> <span class='ocrx_word' id='word_1_203' title='bbox 834 2952 1175 3025; x_wconf 78' lang='lat' dir='ltr'><strong>distinguere</strong></span> <span class='ocrx_word' id='word_1_204' title='bbox 1199 2958 1398 3021; x_wconf 82' lang='lat' dir='ltr'><strong>potest,</strong></span> <span class='ocrx_word' id='word_1_205' title='bbox 1449 2950 1777 3022; x_wconf 86' lang='lat' dir='ltr'><strong>auditusque</strong></span> <span class='ocrx_word' id='word_1_206' title='bbox 1802 2968 1907 3007; x_wconf 89' lang='lat' dir='ltr'><strong>nou</strong></span> <span class='ocrx_word' id='word_1_207' title='bbox 1941 2970 2012 3008; x_wconf 81' lang='lat' dir='ltr'><strong>ex</strong></span> <span class='ocrx_word' id='word_1_208' title='bbox 2068 2962 2183 3009; x_wconf 93' lang='lat' dir='ltr'><strong>toto</strong></span> 
     </span>
    </p>
   </div>
   <div class='ocr_carea' id='block_1_31' title="bbox 584 3039 2184 3110">
    <p class='ocr_par' dir='ltr' id='par_1_31' title="bbox 584 3039 2184 3110">
     <span class='ocr_line' id='line_1_32' title="bbox 584 3039 2184 3110; baseline -0.003 -7"><span class='ocrx_word' id='word_1_209' title='bbox 584 3044 850 3103; x_wconf 77' lang='lat' dir='ltr'><strong>satisfecit</strong></span> <span class='ocrx_word' id='word_1_210' title='bbox 889 3040 1071 3096; x_wconf 91' lang='lat' dir='ltr'><strong>animo</strong></span> <span class='ocrx_word' id='word_1_211' title='bbox 1093 3040 1231 3110; x_wconf 84' lang='lat' dir='ltr'><strong>ejus,</strong></span> <span class='ocrx_word' id='word_1_212' title='bbox 1263 3047 1316 3094; x_wconf 93' lang='lat' dir='ltr'><strong>et</strong></span> <span class='ocrx_word' id='word_1_213' title='bbox 1342 3040 1419 3094; x_wconf 91' lang='lat' dir='ltr'><strong>sic</strong></span> <span class='ocrx_word' id='word_1_214' title='bbox 1449 3039 1517 3094; x_wconf 87' lang='lat' dir='ltr'><strong>de</strong></span> <span class='ocrx_word' id='word_1_215' title='bbox 1549 3041 1761 3095; x_wconf 64' lang='lat' dir='ltr'><strong>cmteris</strong></span> <span class='ocrx_word' id='word_1_216' title='bbox 1792 3042 2044 3097; x_wconf 86' lang='lat' dir='ltr'><strong>sensibus</strong></span> <span class='ocrx_word' id='word_1_217' title='bbox 2064 3059 2184 3099; x_wconf 91' lang='lat' dir='ltr'><strong>cor-</strong></span> 
     </span>
    </p>
   </div>
   <div class='ocr_carea' id='block_1_32' title="bbox 582 3128 2179 3208">
    <p class='ocr_par' dir='ltr' id='par_1_32' title="bbox 582 3128 2179 3208">
     <span class='ocr_line' id='line_1_33' title="bbox 582 3128 2179 3208; baseline -0.003 -16"><span class='ocrx_word' id='word_1_218' title='bbox 582 3133 787 3208; x_wconf 90' lang='lat' dir='ltr'><strong>poreis.</strong></span> <span class='ocrx_word' id='word_1_219' title='bbox 822 3129 984 3200; x_wconf 86' lang='lat' dir='ltr'><strong>Quod</strong></span> <span class='ocrx_word' id='word_1_220' title='bbox 1008 3145 1138 3185; x_wconf 87' lang='lat' dir='ltr'><strong>vero</strong></span> <span class='ocrx_word' id='word_1_221' title='bbox 1195 3128 1512 3184; x_wconf 87' lang='lat' dir='ltr'><strong>necessaria</strong></span> <span class='ocrx_word' id='word_1_222' title='bbox 1539 3130 1892 3199; x_wconf 84' lang='lat' dir='ltr'><strong>cognoscitur</strong></span> <span class='ocrx_word' id='word_1_223' title='bbox 1949 3132 2179 3199; x_wconf 83' lang='lat' dir='ltr'><strong>ratione,</strong></span> 
     </span>
    </p>
   </div>
   <div class='ocr_carea' id='block_1_33' title="bbox 578 3217 2262 3291">
    <p class='ocr_par' dir='ltr' id='par_1_33' title="bbox 578 3217 2262 3291">
     <span class='ocr_line' id='line_1_34' title="bbox 578 3217 2262 3291; baseline -0.003 -11"><span class='ocrx_word' id='word_1_224' title='bbox 578 3225 687 3281; x_wconf 90' lang='lat' dir='ltr'><strong>tale</strong></span> <span class='ocrx_word' id='word_1_225' title='bbox 718 3230 799 3279; x_wconf 90' lang='lat' dir='ltr'><strong>est</strong></span> <span class='ocrx_word' id='word_1_226' title='bbox 821 3221 967 3279; x_wconf 89' lang='lat' dir='ltr'><strong>velut</strong></span> <span class='ocrx_word' id='word_1_227' title='bbox 1006 3235 1130 3276; x_wconf 91' lang='lat' dir='ltr'><strong>cum</strong></span> <span class='ocrx_word' id='word_1_228' title='bbox 1184 3217 1419 3273; x_wconf 88' lang='lat' dir='ltr'><strong>dicimus</strong></span> <span class='ocrx_word' id='word_1_229' title='bbox 1462 3217 1685 3290; x_wconf 87' lang='lat' dir='ltr'><strong>aliquod</strong></span> <span class='ocrx_word' id='word_1_230' title='bbox 1728 3235 1930 3291; x_wconf 88' lang='lat' dir='ltr'><strong>corpus</strong></span> <span class='ocrx_word' id='word_1_231' title='bbox 1989 3222 2183 3277; x_wconf 86' lang='lat' dir='ltr'><strong>eodem</strong></span> <span class='ocrx_word' id='word_1_232' title='bbox 2214 3225 2262 3288; x_wconf 74' lang='grc' dir='ltr'>Ο</span> 
     </span>
    </p>
   </div>
   <div class='ocr_carea' id='block_1_34' title="bbox 583 3317 2185 3388">
    <p class='ocr_par' dir='ltr' id='par_1_34' title="bbox 583 3317 2185 3388">
     <span class='ocr_line' id='line_1_35' title="bbox 583 3317 2185 3388; baseline -0.004 -8"><span class='ocrx_word' id='word_1_233' title='bbox 583 3326 866 3380; x_wconf 83' lang='lat' dir='ltr'><strong>momento</strong></span> <span class='ocrx_word' id='word_1_234' title='bbox 893 3317 1126 3385; x_wconf 88' lang='lat' dir='ltr'><strong>moveri,</strong></span> <span class='ocrx_word' id='word_1_235' title='bbox 1184 3323 1237 3371; x_wconf 91' lang='lat' dir='ltr'><strong>et</strong></span> <span class='ocrx_word' id='word_1_236' title='bbox 1283 3324 1428 3371; x_wconf 87' lang='lat' dir='ltr'><strong>stare</strong></span> <span class='ocrx_word' id='word_1_237' title='bbox 1473 3332 1583 3371; x_wconf 90' lang='lat' dir='ltr'><strong>non</strong></span> <span class='ocrx_word' id='word_1_238' title='bbox 1629 3333 1794 3388; x_wconf 90' lang='lat' dir='ltr'><strong>posse</strong></span> <span class='ocrx_word' id='word_1_239' title='bbox 1827 3333 1840 3387; x_wconf 88' lang='lat'><strong>;</strong></span> <span class='ocrx_word' id='word_1_240' title='bbox 1874 3326 1964 3373; x_wconf 89' lang='lat' dir='ltr'><strong>aut</strong></span> <span class='ocrx_word' id='word_1_241' title='bbox 1995 3326 2077 3374; x_wconf 85' lang='lat' dir='ltr'><strong>est</strong></span> <span class='ocrx_word' id='word_1_242' title='bbox 2132 3328 2185 3375; x_wconf 85' lang='lat' dir='ltr'><strong>et</strong></span> 
     </span>
    </p>
   </div>
   <div class='ocr_carea' id='block_1_35' title="bbox 581 3404 2183 3477">
    <p class='ocr_par' dir='ltr' id='par_1_35' title="bbox 581 3404 2183 3477">
     <span class='ocr_line' id='line_1_36' title="bbox 581 3404 2183 3477; baseline -0.003 -9"><span class='ocrx_word' id='word_1_243' title='bbox 581 3427 692 3468; x_wconf 90' lang='lat' dir='ltr'><strong>non</strong></span> <span class='ocrx_word' id='word_1_244' title='bbox 723 3418 806 3466; x_wconf 88' lang='lat' dir='ltr'><strong>est</strong></span> <span class='ocrx_word' id='word_1_245' title='bbox 835 3408 905 3463; x_wconf 92' lang='lat' dir='ltr'><strong>de</strong></span> <span class='ocrx_word' id='word_1_246' title='bbox 933 3405 1081 3461; x_wconf 87' lang='lat' dir='ltr'><strong>nulla</strong></span> <span class='ocrx_word' id='word_1_247' title='bbox 1110 3420 1172 3460; x_wconf 90' lang='lat' dir='ltr'><strong>re</strong></span> <span class='ocrx_word' id='word_1_248' title='bbox 1202 3404 1476 3460; x_wconf 87' lang='lat' dir='ltr'><strong>veraciter</strong></span> <span class='ocrx_word' id='word_1_249' title='bbox 1493 3405 1796 3475; x_wconf 85' lang='lat' dir='ltr'><strong>praedicare</strong></span> <span class='ocrx_word' id='word_1_250' title='bbox 1825 3422 2017 3477; x_wconf 90' lang='lat' dir='ltr'><strong>posse.</strong></span> <span class='ocrx_word' id='word_1_251' title='bbox 2044 3407 2183 3463; x_wconf 91' lang='lat' dir='ltr'><strong>Illud</strong></span> 
     </span>
    </p>
   </div>
   <div class='ocr_carea' id='block_1_36' title="bbox 581 3493 2184 3569">
    <p class='ocr_par' dir='ltr' id='par_1_36' title="bbox 581 3493 2184 3569">
     <span class='ocr_line' id='line_1_37' title="bbox 581 3493 2184 3569; baseline -0.004 -10"><span class='ocrx_word' id='word_1_252' title='bbox 581 3510 767 3559; x_wconf 87' lang='lat' dir='ltr'><strong>autem</strong></span> <span class='ocrx_word' id='word_1_253' title='bbox 797 3495 942 3569; x_wconf 86' lang='lat' dir='ltr'><strong>quod</strong></span> <span class='ocrx_word' id='word_1_254' title='bbox 972 3511 1073 3566; x_wconf 90' lang='lat' dir='ltr'><strong>per</strong></span> <span class='ocrx_word' id='word_1_255' title='bbox 1128 3493 1540 3549; x_wconf 87' lang='lat' dir='ltr'><strong>similitudinem</strong></span> <span class='ocrx_word' id='word_1_256' title='bbox 1565 3494 1886 3566; x_wconf 87' lang='lat' dir='ltr'><strong>percipitur,</strong></span> <span class='ocrx_word' id='word_1_257' title='bbox 1943 3496 2045 3552; x_wconf 90' lang='lat' dir='ltr'><strong>tale</strong></span> <span class='ocrx_word' id='word_1_258' title='bbox 2104 3506 2184 3552; x_wconf 94' lang='lat' dir='ltr'><strong>est</strong></span> 
     </span>
    </p>
   </div>
   <div class='ocr_carea' id='block_1_37' title="bbox 580 3589 2182 3663">
    <p class='ocr_par' dir='ltr' id='par_1_37' title="bbox 580 3589 2182 3663">
     <span class='ocr_line' id='line_1_38' title="bbox 580 3589 2182 3663; baseline -0.003 -9"><span class='ocrx_word' id='word_1_259' title='bbox 580 3606 641 3655; x_wconf 87' lang='lat' dir='ltr'><strong>ut</strong></span> <span class='ocrx_word' id='word_1_260' title='bbox 671 3594 847 3652; x_wconf 86' lang='lat' dir='ltr'><strong>sicubi</strong></span> <span class='ocrx_word' id='word_1_261' title='bbox 879 3608 1072 3649; x_wconf 90' lang='lat' dir='ltr'><strong>vocem</strong></span> <span class='ocrx_word' id='word_1_262' title='bbox 1103 3591 1362 3657; x_wconf 88' lang='lat' dir='ltr'><strong>audieris,</strong></span> <span class='ocrx_word' id='word_1_263' title='bbox 1394 3589 1470 3645; x_wconf 90' lang='lat' dir='ltr'><strong>ibi</strong></span> <span class='ocrx_word' id='word_1_264' title='bbox 1500 3590 1707 3663; x_wconf 87' lang='lat' dir='ltr'><strong>aliquid</strong></span> <span class='ocrx_word' id='word_1_265' title='bbox 1734 3593 1924 3649; x_wconf 86' lang='lat' dir='ltr'><strong>vocale</strong></span> <span class='ocrx_word' id='word_1_266' title='bbox 1955 3611 2077 3650; x_wconf 85' lang='lat' dir='ltr'><strong>esse</strong></span> <span class='ocrx_word' id='word_1_267' title='bbox 2095 3595 2182 3650; x_wconf 90' lang='lat' dir='ltr'><strong>in—</strong></span> 
     </span>
    </p>
   </div>
   <div class='ocr_carea' id='block_1_38' title="bbox 583 3680 2185 3758">
    <p class='ocr_par' dir='ltr' id='par_1_38' title="bbox 583 3680 2185 3758">
     <span class='ocr_line' id='line_1_39' title="bbox 583 3680 2185 3758; baseline -0.002 -15"><span class='ocrx_word' id='word_1_268' title='bbox 583 3685 811 3758; x_wconf 87' lang='lat' dir='ltr'><strong>telligis,</strong></span> <span class='ocrx_word' id='word_1_269' title='bbox 843 3681 1093 3754; x_wconf 89' lang='lat' dir='ltr'><strong>quamvis</strong></span> <span class='ocrx_word' id='word_1_270' title='bbox 1122 3680 1347 3735; x_wconf 88' lang='lat' dir='ltr'><strong>minime</strong></span> <span class='ocrx_word' id='word_1_271' title='bbox 1395 3680 1608 3747; x_wconf 88' lang='lat' dir='ltr'><strong>videas,</strong></span> <span class='ocrx_word' id='word_1_272' title='bbox 1667 3680 1755 3737; x_wconf 85' lang='lat' dir='ltr'><strong>vel</strong></span> <span class='ocrx_word' id='word_1_273' title='bbox 1786 3697 1907 3736; x_wconf 89' lang='lat' dir='ltr'><strong>cum</strong></span> <span class='ocrx_word' id='word_1_274' title='bbox 1957 3683 2185 3742; x_wconf 91' lang='lat' dir='ltr'><strong>ubilibet</strong></span> 
     </span>
    </p>
   </div>
   <div class='ocr_carea' id='block_1_39' title="bbox 584 3768 2183 3841">
    <p class='ocr_par' dir='ltr' id='par_1_39' title="bbox 584 3768 2183 3841">
     <span class='ocr_line' id='line_1_40' title="bbox 584 3768 2183 3841; baseline -0.002 -9"><span class='ocrx_word' id='word_1_275' title='bbox 584 3776 788 3833; x_wconf 87' lang='lat' dir='ltr'><strong>fumum</strong></span> <span class='ocrx_word' id='word_1_276' title='bbox 811 3768 1313 3841; x_wconf 87' lang='lat' dir='ltr'><strong>conspexeris,illic</strong></span> <span class='ocrx_word' id='word_1_277' title='bbox 1341 3769 1523 3839; x_wconf 80' lang='lat' dir='ltr'><strong>ignem</strong></span> <span class='ocrx_word' id='word_1_278' title='bbox 1552 3778 1603 3824; x_wconf 92' lang='lat' dir='ltr'><strong>et</strong></span> <span class='ocrx_word' id='word_1_279' title='bbox 1637 3769 1686 3824; x_wconf 89' lang='lat' dir='ltr'><strong>si</strong></span> <span class='ocrx_word' id='word_1_280' title='bbox 1715 3786 1821 3826; x_wconf 91' lang='lat' dir='ltr'><strong>non</strong></span> <span class='ocrx_word' id='word_1_281' title='bbox 1851 3772 2038 3827; x_wconf 86' lang='lat' dir='ltr'><strong>videas</strong></span> <span class='ocrx_word' id='word_1_282' title='bbox 2060 3791 2183 3829; x_wconf 85' lang='lat' dir='ltr'><strong>esse</strong></span> 
     </span>
    </p>
   </div>
   <div class='ocr_carea' id='block_1_40' title="bbox 583 3858 2183 3940">
    <p class='ocr_par' dir='ltr' id='par_1_40' title="bbox 583 3858 2183 3940">
     <span class='ocr_line' id='line_1_41' title="bbox 583 3858 2183 3940; baseline -0.003 -18"><span class='ocrx_word' id='word_1_283' title='bbox 583 3863 902 3940; x_wconf 79' lang='lat' dir='ltr'><strong>cognoscis.</strong></span> <span class='ocrx_word' id='word_1_284' title='bbox 935 3860 1129 3917; x_wconf 87' lang='lat' dir='ltr'><strong>Itidem</strong></span> <span class='ocrx_word' id='word_1_285' title='bbox 1163 3858 1208 3913; x_wconf 90' lang='lat' dir='ltr'><strong>si</strong></span> <span class='ocrx_word' id='word_1_286' title='bbox 1246 3874 1341 3912; x_wconf 87' lang='lat' dir='ltr'><strong>vas</strong></span> <span class='ocrx_word' id='word_1_287' title='bbox 1373 3858 1594 3931; x_wconf 88' lang='lat' dir='ltr'><strong>aliquod</strong></span> <span class='ocrx_word' id='word_1_288' title='bbox 1652 3859 1850 3916; x_wconf 84' lang='lat' dir='ltr'><strong>factum</strong></span> <span class='ocrx_word' id='word_1_289' title='bbox 1906 3863 2183 3934; x_wconf 89' lang='lat' dir='ltr'><strong>conspici-</strong></span> 
     </span>
    </p>
   </div>
   <div class='ocr_carea' id='block_1_41' title="bbox 582 3948 2182 4023">
    <p class='ocr_par' dir='ltr' id='par_1_41' title="bbox 582 3948 2182 4023">
     <span class='ocr_line' id='line_1_42' title="bbox 582 3948 2182 4023; baseline -0.003 -11"><span class='ocrx_word' id='word_1_290' title='bbox 582 3972 729 4023; x_wconf 87' lang='lat' dir='ltr'><strong>mus,</strong></span> <span class='ocrx_word' id='word_1_291' title='bbox 754 3952 1016 4009; x_wconf 83' lang='lat' dir='ltr'><strong>factorem</strong></span> <span class='ocrx_word' id='word_1_292' title='bbox 1040 3949 1159 4018; x_wconf 87' lang='lat' dir='ltr'><strong>ejus</strong></span> <span class='ocrx_word' id='word_1_293' title='bbox 1179 3948 1416 4020; x_wconf 86' lang='lat' dir='ltr'><strong>aliquem</strong></span> <span class='ocrx_word' id='word_1_294' title='bbox 1449 3949 1618 4004; x_wconf 89' lang='lat' dir='ltr'><strong>fuisse</strong></span> <span class='ocrx_word' id='word_1_295' title='bbox 1663 3965 1763 4020; x_wconf 87' lang='lat' dir='ltr'><strong>pro</strong></span> <span class='ocrx_word' id='word_1_296' title='bbox 1794 3960 1947 4007; x_wconf 91' lang='lat' dir='ltr'><strong>certo</strong></span> <span class='ocrx_word' id='word_1_297' title='bbox 1978 3953 2182 4009; x_wconf 91' lang='lat' dir='ltr'><strong>scimus</strong></span> 
     </span>
    </p>
   </div>
   <div class='ocr_carea' id='block_1_42' title="bbox 584 4037 2183 4118">
    <p class='ocr_par' dir='ltr' id='par_1_42' title="bbox 584 4037 2183 4118">
     <span class='ocr_line' id='line_1_43' title="bbox 584 4037 2183 4118; baseline -0.001 -19"><span class='ocrx_word' id='word_1_298' title='bbox 584 4045 768 4118; x_wconf 82' lang='lat' dir='ltr'><strong>(Rom.</strong></span> <span class='ocrx_word' id='word_1_299' title='bbox 812 4040 851 4113; x_wconf 87' lang='grc' dir='ltr'><strong>ι)</strong></span> <span class='ocrx_word' id='word_1_300' title='bbox 882 4040 983 4097; x_wconf 89' lang='lat' dir='ltr'><strong>etsi</strong></span> <span class='ocrx_word' id='word_1_301' title='bbox 1013 4054 1121 4093; x_wconf 89' lang='lat' dir='ltr'><strong>non</strong></span> <span class='ocrx_word' id='word_1_302' title='bbox 1154 4037 1429 4092; x_wconf 90' lang='lat' dir='ltr'><strong>videmus.</strong></span> <span class='ocrx_word' id='word_1_303' title='bbox 1468 4038 1660 4109; x_wconf 85' lang='lat' dir='ltr'><strong>Itaque</strong></span> <span class='ocrx_word' id='word_1_304' title='bbox 1714 4041 1974 4095; x_wconf 91' lang='lat' dir='ltr'><strong>mundum</strong></span> <span class='ocrx_word' id='word_1_305' title='bbox 2032 4043 2183 4113; x_wconf 92' lang='lat' dir='ltr'><strong>prius</strong></span> 
     </span>
    </p>
   </div>
   <div class='ocr_carea' id='block_1_43' title="bbox 584 4126 2183 4198">
    <p class='ocr_par' dir='ltr' id='par_1_43' title="bbox 584 4126 2183 4198">
     <span class='ocr_line' id='line_1_44' title="bbox 584 4126 2183 4198; baseline -0.002 -8"><span class='ocrx_word' id='word_1_306' title='bbox 584 4140 827 4191; x_wconf 88' lang='lat' dir='ltr'><strong>creatum</strong></span> <span class='ocrx_word' id='word_1_307' title='bbox 859 4146 983 4185; x_wconf 91' lang='lat' dir='ltr'><strong>esse</strong></span> <span class='ocrx_word' id='word_1_308' title='bbox 1013 4127 1279 4183; x_wconf 88' lang='lat' dir='ltr'><strong>debemus</strong></span> <span class='ocrx_word' id='word_1_309' title='bbox 1333 4126 1592 4198; x_wconf 90' lang='lat' dir='ltr'><strong>probare,</strong></span> <span class='ocrx_word' id='word_1_310' title='bbox 1643 4135 1699 4181; x_wconf 94' lang='lat' dir='ltr'><strong>ut</strong></span> <span class='ocrx_word' id='word_1_311' title='bbox 1720 4128 1793 4183; x_wconf 89' lang='lat' dir='ltr'><strong>ita</strong></span> <span class='ocrx_word' id='word_1_312' title='bbox 1816 4138 2029 4185; x_wconf 88' lang='lat' dir='ltr'><strong>constet</strong></span> <span class='ocrx_word' id='word_1_313' title='bbox 2084 4131 2183 4187; x_wconf 86' lang='lat' dir='ltr'><strong>ali-</strong></span> 
     </span>
    </p>
   </div>
   <div class='ocr_carea' id='block_1_44' title="bbox 585 4214 2182 4294">
    <p class='ocr_par' dir='ltr' id='par_1_44' title="bbox 585 4214 2182 4294">
     <span class='ocr_line' id='line_1_45' title="bbox 585 4214 2182 4294; baseline -0.002 -18"><span class='ocrx_word' id='word_1_314' title='bbox 585 4237 753 4294; x_wconf 89' lang='lat' dir='ltr'><strong>quem</strong></span> <span class='ocrx_word' id='word_1_315' title='bbox 783 4218 902 4288; x_wconf 90' lang='lat' dir='ltr'><strong>ejus</strong></span> <span class='ocrx_word' id='word_1_316' title='bbox 925 4218 1237 4272; x_wconf 89' lang='lat' dir='ltr'><strong>Creatorem</strong></span> <span class='ocrx_word' id='word_1_317' title='bbox 1264 4214 1462 4269; x_wconf 87' lang='lat' dir='ltr'><strong>fuisse.</strong></span> <span class='ocrx_word' id='word_1_318' title='bbox 1497 4215 1742 4287; x_wconf 89' lang='lat' dir='ltr'><strong>Cumque</strong></span> <span class='ocrx_word' id='word_1_319' title='bbox 1772 4217 1956 4272; x_wconf 91' lang='lat' dir='ltr'><strong>mundi</strong></span> <span class='ocrx_word' id='word_1_320' title='bbox 2007 4219 2182 4276; x_wconf 83' lang='lat' dir='ltr'><strong>Crea-</strong></span> 
     </span>
    </p>
   </div>
   <div class='ocr_carea' id='block_1_45' title="bbox 583 4305 2181 4379">
    <p class='ocr_par' dir='ltr' id='par_1_45' title="bbox 583 4305 2181 4379">
     <span class='ocr_line' id='line_1_46' title="bbox 583 4305 2181 4379; baseline -0.001 -13"><span class='ocrx_word' id='word_1_321' title='bbox 583 4319 758 4367; x_wconf 87' lang='lat' dir='ltr'><strong>torem</strong></span> <span class='ocrx_word' id='word_1_322' title='bbox 781 4305 1216 4379; x_wconf 85' lang='lat' dir='ltr'><strong>probaverimus,</strong></span> <span class='ocrx_word' id='word_1_323' title='bbox 1250 4311 1654 4375; x_wconf 82' lang='lat' dir='ltr'><strong>consequenter</strong></span> <span class='ocrx_word' id='word_1_324' title='bbox 1690 4305 1832 4377; x_wconf 93' lang='lat' dir='ltr'><strong>quod</strong></span> <span class='ocrx_word' id='word_1_325' title='bbox 1854 4308 1972 4377; x_wconf 90' lang='lat' dir='ltr'><strong>ipse</strong></span> <span class='ocrx_word' id='word_1_326' title='bbox 2013 4309 2181 4365; x_wconf 89' lang='lat' dir='ltr'><strong>Crea-</strong></span> 
     </span>
    </p>
   </div>
   <div class='ocr_carea' id='block_1_46' title="bbox 583 4392 2179 4454">
    <p class='ocr_par' dir='ltr' id='par_1_46' title="bbox 583 4392 2179 4454">
     <span class='ocr_line' id='line_1_47' title="bbox 583 4392 2179 4454; baseline -0.001 0"><span class='ocrx_word' id='word_1_327' title='bbox 583 4408 670 4454; x_wconf 91' lang='lat' dir='ltr'><strong>tor</strong></span> <span class='ocrx_word' id='word_1_328' title='bbox 719 4396 920 4451; x_wconf 89' lang='lat' dir='ltr'><strong>nullam</strong></span> <span class='ocrx_word' id='word_1_329' title='bbox 980 4393 1183 4448; x_wconf 86' lang='lat' dir='ltr'><strong>habeat</strong></span> <span class='ocrx_word' id='word_1_330' title='bbox 1238 4392 1652 4449; x_wconf 90' lang='lat' dir='ltr'><strong>similitudinem</strong></span> <span class='ocrx_word' id='word_1_331' title='bbox 1721 4394 1929 4452; x_wconf 86' lang='lat' dir='ltr'><strong>ratione</strong></span> <span class='ocrx_word' id='word_1_332' title='bbox 1987 4406 2179 4454; x_wconf 86' lang='lat' dir='ltr'><strong>osten-</strong></span> 
     </span>
    </p>
   </div>
   <div class='ocr_carea' id='block_1_47' title="bbox 583 4488 804 4544">
    <p class='ocr_par' dir='ltr' id='par_1_47' title="bbox 583 4488 804 4544">
     <span class='ocr_line' id='line_1_48' title="bbox 583 4488 804 4544; baseline -0.023 0"><span class='ocrx_word' id='word_1_333' title='bbox 583 4488 779 4544; x_wconf 90' lang='lat' dir='ltr'><strong>demus</strong></span> <span class='ocrx_word' id='word_1_334' title='bbox 792 4526 804 4538; x_wconf 95' lang='lat'><strong>.</strong></span> 
     </span>
    </p>
   </div>
   <div class='ocr_carea' id='block_1_48' title="bbox 2306 589 3886 691">
    <p class='ocr_par' dir='ltr' id='par_1_48' title="bbox 2306 589 3886 691">
     <span class='ocr_line' id='line_1_49' title="bbox 2306 589 3886 691; baseline 0.022 -50"><span class='ocrx_word' id='word_1_335' title='bbox 2306 589 2366 642; x_wconf 91' lang='lat' dir='ltr'><strong>In</strong></span> <span class='ocrx_word' id='word_1_336' title='bbox 2398 591 2678 666; x_wconf 86' lang='lat' dir='ltr'><strong>plerisque</strong></span> <span class='ocrx_word' id='word_1_337' title='bbox 2708 607 2895 655; x_wconf 88' lang='lat' dir='ltr'><strong>autem</strong></span> <span class='ocrx_word' id='word_1_338' title='bbox 2927 602 3060 660; x_wconf 90' lang='lat' dir='ltr'><strong>locis</strong></span> <span class='ocrx_word' id='word_1_339' title='bbox 3107 609 3288 679; x_wconf 87' lang='lat' dir='ltr'><strong>reperi</strong></span> <span class='ocrx_word' id='word_1_340' title='bbox 3308 613 3572 683; x_wconf 87' lang='lat' dir='ltr'><strong>scriptum</strong></span> <span class='ocrx_word' id='word_1_341' title='bbox 3631 589 3886 691; x_wconf 72' lang='lat' dir='ltr'><strong>quidquid</strong></span> 
     </span>
    </p>
   </div>
   <div class='ocr_carea' id='block_1_49' title="bbox 2307 676 3883 781">
    <p class='ocr_par' dir='ltr' id='par_1_49' title="bbox 2307 676 3883 781">
     <span class='ocr_line' id='line_1_50' title="bbox 2307 676 3883 781; baseline 0.022 -51"><span class='ocrx_word' id='word_1_342' title='bbox 2307 676 2449 735; x_wconf 85' lang='lat' dir='ltr'><strong>infra</strong></span> <span class='ocrx_word' id='word_1_343' title='bbox 2479 683 2739 741; x_wconf 87' lang='lat' dir='ltr'><strong>circulum</strong></span> <span class='ocrx_word' id='word_1_344' title='bbox 2775 689 2917 747; x_wconf 69' lang='lat' dir='ltr'><strong>lunae</strong></span> <span class='ocrx_word' id='word_1_345' title='bbox 2948 701 3027 748; x_wconf 90' lang='lat' dir='ltr'><strong>est</strong></span> <span class='ocrx_word' id='word_1_346' title='bbox 3058 676 3185 752; x_wconf 79' lang='lat' dir='ltr'><strong>esse</strong></span> <span class='ocrx_word' id='word_1_347' title='bbox 3210 676 3592 773; x_wconf 81' lang='lat' dir='ltr'><strong>compositum,</strong></span> <span class='ocrx_word' id='word_1_348' title='bbox 3628 676 3883 781; x_wconf 73' lang='lat' dir='ltr'><strong>quidquid</strong></span> 
     </span>
    </p>
   </div>
   <div class='ocr_carea' id='block_1_50' title="bbox 2304 775 2995 850">
    <p class='ocr_par' dir='ltr' id='par_1_50' title="bbox 2304 775 2995 850">
     <span class='ocr_line' id='line_1_51' title="bbox 2304 775 2995 850; baseline 0.026 -30"><span class='ocrx_word' id='word_1_349' title='bbox 2304 775 2480 825; x_wconf 87' lang='lat' dir='ltr'><strong>autem</strong></span> <span class='ocrx_word' id='word_1_350' title='bbox 2511 790 2671 845; x_wconf 90' lang='lat' dir='ltr'><strong>supra</strong></span> <span class='ocrx_word' id='word_1_351' title='bbox 2710 779 2964 850; x_wconf 90' lang='lat' dir='ltr'><strong>simplum</strong></span> <span class='ocrx_word' id='word_1_352' title='bbox 2980 824 2995 838; x_wconf 94' lang='lat'><strong>.</strong></span> 
     </span>
    </p>
   </div>
   <div class='ocr_carea' id='block_1_51' title="bbox 2377 885 3882 986">
    <p class='ocr_par' dir='ltr' id='par_1_51' title="bbox 2377 885 3882 986">
     <span class='ocr_line' id='line_1_52' title="bbox 2377 885 3882 986; baseline 0.021 -46"><span class='ocrx_word' id='word_1_353' title='bbox 2377 885 2615 946; x_wconf 68' lang='lat' dir='ltr'><strong>Penus.</strong></span> <span class='ocrx_word' id='word_1_354' title='bbox 2655 892 3083 955; x_wconf 84' lang='lat' dir='ltr'><strong>Firmamentum</strong></span> <span class='ocrx_word' id='word_1_355' title='bbox 3111 902 3328 974; x_wconf 84' lang='lat' dir='ltr'><strong>quidem</strong></span> <span class='ocrx_word' id='word_1_356' title='bbox 3347 922 3469 962; x_wconf 80' lang='lat' dir='ltr'><strong>cum</strong></span> <span class='ocrx_word' id='word_1_357' title='bbox 3489 910 3742 968; x_wconf 88' lang='lat' dir='ltr'><strong>omnibus</strong></span> <span class='ocrx_word' id='word_1_358' title='bbox 3772 932 3882 986; x_wconf 65' lang='lat' dir='ltr'><strong>qua</strong></span> 
     </span>
    </p>
   </div>
   <div class='ocr_carea' id='block_1_52' title="bbox 2301 975 3882 1074">
    <p class='ocr_par' dir='ltr' id='par_1_52' title="bbox 2301 975 3882 1074">
     <span class='ocr_line' id='line_1_53' title="bbox 2301 975 3882 1074; baseline 0.021 -47"><span class='ocrx_word' id='word_1_359' title='bbox 2301 975 2540 1033; x_wconf 89' lang='lat' dir='ltr'><strong>continet</strong></span> <span class='ocrx_word' id='word_1_360' title='bbox 2571 978 2627 1034; x_wconf 92' lang='lat' dir='ltr'><strong>in</strong></span> <span class='ocrx_word' id='word_1_361' title='bbox 2656 982 2735 1038; x_wconf 89' lang='lat' dir='ltr'><strong>rei</strong></span> <span class='ocrx_word' id='word_1_362' title='bbox 2764 985 2992 1042; x_wconf 84' lang='lat' dir='ltr'><strong>veritate</strong></span> <span class='ocrx_word' id='word_1_363' title='bbox 3015 997 3099 1044; x_wconf 88' lang='lat' dir='ltr'><strong>est</strong></span> <span class='ocrx_word' id='word_1_364' title='bbox 3110 994 3490 1063; x_wconf 86' lang='lat' dir='ltr'><strong>compositum,</strong></span> <span class='ocrx_word' id='word_1_365' title='bbox 3509 998 3608 1055; x_wconf 91' lang='lat' dir='ltr'><strong>sed</strong></span> <span class='ocrx_word' id='word_1_366' title='bbox 3638 975 3882 1074; x_wconf 68' lang='lat' dir='ltr'><strong>respectu</strong></span> 
     </span>
    </p>
   </div>
   <div class='ocr_carea' id='block_1_53' title="bbox 2302 1071 3871 1163">
    <p class='ocr_par' dir='ltr' id='par_1_53' title="bbox 2302 1071 3871 1163">
     <span class='ocr_line' id='line_1_54' title="bbox 2302 1071 3871 1163; baseline 0.02 -46"><span class='ocrx_word' id='word_1_367' title='bbox 2302 1078 2493 1121; x_wconf 89' lang='lat' dir='ltr'><strong>eorum</strong></span> <span class='ocrx_word' id='word_1_368' title='bbox 2522 1084 2644 1139; x_wconf 70' lang='lat' dir='ltr'><strong>qua:</strong></span> <span class='ocrx_word' id='word_1_369' title='bbox 2665 1071 2874 1129; x_wconf 87' lang='lat' dir='ltr'><strong>circulo</strong></span> <span class='ocrx_word' id='word_1_370' title='bbox 2893 1077 3181 1147; x_wconf 86' lang='lat' dir='ltr'><strong>subjacent</strong></span> <span class='ocrx_word' id='word_1_371' title='bbox 3208 1080 3350 1139; x_wconf 62' lang='lat' dir='ltr'><strong>luna</strong></span> <span class='ocrx_word' id='word_1_372' title='bbox 3376 1085 3575 1142; x_wconf 89' lang='lat' dir='ltr'><strong>dicitur</strong></span> <span class='ocrx_word' id='word_1_373' title='bbox 3600 1071 3871 1163; x_wconf 87' lang='lat' dir='ltr'><strong>simplum.</strong></span> 
     </span>
    </p>
   </div>
   <div class='ocr_carea' id='block_1_54' title="bbox 2301 1150 3879 1252">
    <p class='ocr_par' dir='ltr' id='par_1_54' title="bbox 2301 1150 3879 1252">
     <span class='ocr_line' id='line_1_55' title="bbox 2301 1150 3879 1252; baseline 0.021 -46"><span class='ocrx_word' id='word_1_374' title='bbox 2301 1150 2393 1209; x_wconf 88' lang='lat' dir='ltr'><strong>Sic</strong></span> <span class='ocrx_word' id='word_1_375' title='bbox 2412 1155 2556 1211; x_wconf 85' lang='lat' dir='ltr'><strong>enim</strong></span> <span class='ocrx_word' id='word_1_376' title='bbox 2579 1167 2662 1213; x_wconf 91' lang='lat' dir='ltr'><strong>est</strong></span> <span class='ocrx_word' id='word_1_377' title='bbox 2684 1159 2739 1216; x_wconf 91' lang='lat' dir='ltr'><strong>in</strong></span> <span class='ocrx_word' id='word_1_378' title='bbox 2765 1163 3019 1221; x_wconf 87' lang='lat' dir='ltr'><strong>omnibus</strong></span> <span class='ocrx_word' id='word_1_379' title='bbox 3077 1169 3256 1235; x_wconf 90' lang='lat' dir='ltr'><strong>rebus,</strong></span> <span class='ocrx_word' id='word_1_380' title='bbox 3286 1179 3342 1227; x_wconf 90' lang='lat' dir='ltr'><strong>ut</strong></span> <span class='ocrx_word' id='word_1_381' title='bbox 3371 1173 3575 1247; x_wconf 85' lang='lat' dir='ltr'><strong>aliquid</strong></span> <span class='ocrx_word' id='word_1_382' title='bbox 3628 1191 3879 1252; x_wconf 85' lang='lat' dir='ltr'><strong>respectu</strong></span> 
     </span>
    </p>
   </div>
   <div class='ocr_carea' id='block_1_55' title="bbox 2301 1242 3878 1341">
    <p class='ocr_par' dir='ltr' id='par_1_55' title="bbox 2301 1242 3878 1341">
     <span class='ocr_line' id='line_1_56' title="bbox 2301 1242 3878 1341; baseline 0.02 -45"><span class='ocrx_word' id='word_1_383' title='bbox 2301 1242 2421 1311; x_wconf 86' lang='lat' dir='ltr'><strong>ejus</strong></span> <span class='ocrx_word' id='word_1_384' title='bbox 2458 1244 2527 1300; x_wconf 86' lang='lat' dir='ltr'><strong>de</strong></span> <span class='ocrx_word' id='word_1_385' title='bbox 2578 1264 2686 1318; x_wconf 89' lang='lat' dir='ltr'><strong>quo</strong></span> <span class='ocrx_word' id='word_1_386' title='bbox 2719 1249 2919 1308; x_wconf 87' lang='lat' dir='ltr'><strong>factum</strong></span> <span class='ocrx_word' id='word_1_387' title='bbox 2935 1242 3878 1341; x_wconf 73' lang='lat' dir='ltr'><strong>estdicaturcompositum,respectu</strong></span> 
     </span>
    </p>
   </div>
   <div class='ocr_carea' id='block_1_56' title="bbox 2302 1334 3879 1419">
    <p class='ocr_par' dir='ltr' id='par_1_56' title="bbox 2302 1334 3879 1419">
     <span class='ocr_line' id='line_1_57' title="bbox 2302 1334 3879 1419; baseline 0.02 -33"><span class='ocrx_word' id='word_1_388' title='bbox 2302 1347 2433 1388; x_wconf 86' lang='lat' dir='ltr'><strong>vero</strong></span> <span class='ocrx_word' id='word_1_389' title='bbox 2463 1334 2586 1403; x_wconf 89' lang='lat' dir='ltr'><strong>ejus</strong></span> <span class='ocrx_word' id='word_1_390' title='bbox 2614 1355 2722 1410; x_wconf 90' lang='lat' dir='ltr'><strong>quo</strong></span> <span class='ocrx_word' id='word_1_391' title='bbox 2789 1341 2859 1397; x_wconf 90' lang='lat' dir='ltr'><strong>de</strong></span> <span class='ocrx_word' id='word_1_392' title='bbox 2889 1358 2957 1398; x_wconf 88' lang='lat' dir='ltr'><strong>eo</strong></span> <span class='ocrx_word' id='word_1_393' title='bbox 3002 1343 3079 1411; x_wconf 85' lang='lat' dir='ltr'><strong>ﬁt,</strong></span> <span class='ocrx_word' id='word_1_394' title='bbox 3131 1347 3404 1419; x_wconf 89' lang='lat' dir='ltr'><strong>simplum.</strong></span> <span class='ocrx_word' id='word_1_395' title='bbox 3462 1354 3666 1411; x_wconf 86' lang='lat' dir='ltr'><strong>Eodem</strong></span> <span class='ocrx_word' id='word_1_396' title='bbox 3720 1334 3879 1417; x_wconf 76' lang='lat' dir='ltr'><strong>modo</strong></span> 
     </span>
    </p>
   </div>
   <div class='ocr_carea' id='block_1_57' title="bbox 2299 1421 3879 1511">
    <p class='ocr_par' dir='ltr' id='par_1_57' title="bbox 2299 1421 3879 1511">
     <span class='ocr_line' id='line_1_58' title="bbox 2299 1421 3879 1511; baseline 0.019 -37"><span class='ocrx_word' id='word_1_397' title='bbox 2299 1421 2561 1493; x_wconf 86' lang='lat' dir='ltr'><strong>quidquid</strong></span> <span class='ocrx_word' id='word_1_398' title='bbox 2592 1442 2755 1499; x_wconf 88' lang='lat' dir='ltr'><strong>supra</strong></span> <span class='ocrx_word' id='word_1_399' title='bbox 2777 1429 2960 1486; x_wconf 87' lang='lat' dir='ltr'><strong>lunam</strong></span> <span class='ocrx_word' id='word_1_400' title='bbox 2982 1442 3067 1488; x_wconf 87' lang='lat' dir='ltr'><strong>est</strong></span> <span class='ocrx_word' id='word_1_401' title='bbox 3101 1436 3170 1490; x_wconf 90' lang='lat' dir='ltr'><strong>ad</strong></span> <span class='ocrx_word' id='word_1_402' title='bbox 3199 1453 3267 1493; x_wconf 88' lang='lat' dir='ltr'><strong>ea</strong></span> <span class='ocrx_word' id='word_1_403' title='bbox 3287 1456 3407 1511; x_wconf 75' lang='lat' dir='ltr'><strong>quae</strong></span> <span class='ocrx_word' id='word_1_404' title='bbox 3458 1443 3559 1498; x_wconf 86' lang='lat' dir='ltr'><strong>sub</strong></span> <span class='ocrx_word' id='word_1_405' title='bbox 3580 1445 3704 1501; x_wconf 82' lang='lat' dir='ltr'><strong>luna</strong></span> <span class='ocrx_word' id='word_1_406' title='bbox 3762 1459 3879 1504; x_wconf 89' lang='lat' dir='ltr'><strong>sunt</strong></span> 
     </span>
    </p>
   </div>
   <div class='ocr_carea' id='block_1_58' title="bbox 2297 1509 3877 1593">
    <p class='ocr_par' dir='ltr' id='par_1_58' title="bbox 2297 1509 3877 1593">
     <span class='ocr_line' id='line_1_59' title="bbox 2297 1509 3877 1593; baseline 0.02 -30"><span class='ocrx_word' id='word_1_407' title='bbox 2297 1509 2555 1582; x_wconf 79' lang='lat' dir='ltr'><strong>simplum</strong></span> <span class='ocrx_word' id='word_1_408' title='bbox 2585 1524 2689 1582; x_wconf 91' lang='lat' dir='ltr'><strong>est,</strong></span> <span class='ocrx_word' id='word_1_409' title='bbox 2722 1520 2868 1589; x_wconf 91' lang='lat' dir='ltr'><strong>quod</strong></span> <span class='ocrx_word' id='word_1_410' title='bbox 2890 1522 2961 1577; x_wconf 89' lang='lat' dir='ltr'><strong>de</strong></span> <span class='ocrx_word' id='word_1_411' title='bbox 2990 1538 3058 1579; x_wconf 90' lang='lat' dir='ltr'><strong>eo</strong></span> <span class='ocrx_word' id='word_1_412' title='bbox 3087 1522 3230 1581; x_wconf 79' lang='lat' dir='ltr'><strong>facta</strong></span> <span class='ocrx_word' id='word_1_413' title='bbox 3267 1509 3416 1584; x_wconf 84' lang='lat' dir='ltr'><strong>sunt.</strong></span> <span class='ocrx_word' id='word_1_414' title='bbox 3471 1533 3553 1587; x_wconf 81' lang='lat' dir='ltr'><strong>Ad</strong></span> <span class='ocrx_word' id='word_1_415' title='bbox 3597 1538 3877 1593; x_wconf 78' lang='lat' dir='ltr'><strong>materiam</strong></span> 
     </span>
    </p>
   </div>
   <div class='ocr_carea' id='block_1_59' title="bbox 2297 1605 3667 1682">
    <p class='ocr_par' dir='ltr' id='par_1_59' title="bbox 2297 1605 3667 1682">
     <span class='ocr_line' id='line_1_60' title="bbox 2297 1605 3667 1682; baseline 0.018 -28"><span class='ocrx_word' id='word_1_416' title='bbox 2297 1615 2431 1656; x_wconf 87' lang='lat' dir='ltr'><strong>vero</strong></span> <span class='ocrx_word' id='word_1_417' title='bbox 2453 1605 2834 1675; x_wconf 88' lang='lat' dir='ltr'><strong>compositum,</strong></span> <span class='ocrx_word' id='word_1_418' title='bbox 2866 1611 3123 1682; x_wconf 87' lang='lat' dir='ltr'><strong>quoniam</strong></span> <span class='ocrx_word' id='word_1_419' title='bbox 3154 1614 3223 1670; x_wconf 90' lang='lat' dir='ltr'><strong>de</strong></span> <span class='ocrx_word' id='word_1_420' title='bbox 3252 1631 3318 1672; x_wconf 87' lang='lat' dir='ltr'><strong>ea</strong></span> <span class='ocrx_word' id='word_1_421' title='bbox 3338 1626 3421 1673; x_wconf 89' lang='lat' dir='ltr'><strong>est</strong></span> <span class='ocrx_word' id='word_1_422' title='bbox 3448 1619 3667 1677; x_wconf 75' lang='lat' dir='ltr'><strong>factum.</strong></span> 
     </span>
    </p>
   </div>
   <div class='ocr_carea' id='block_1_60' title="bbox 2367 1714 3877 1809">
    <p class='ocr_par' dir='ltr' id='par_1_60' title="bbox 2367 1714 3877 1809">
     <span class='ocr_line' id='line_1_61' title="bbox 2367 1714 3877 1809; baseline 0.02 -41"><span class='ocrx_word' id='word_1_423' title='bbox 2367 1714 2614 1773; x_wconf 79' lang='lat' dir='ltr'><strong>Morsas.</strong></span> <span class='ocrx_word' id='word_1_424' title='bbox 2652 1722 2911 1792; x_wconf 81' lang='lat' dir='ltr'><strong>Apertius</strong></span> <span class='ocrx_word' id='word_1_425' title='bbox 2965 1726 3272 1801; x_wconf 84' lang='lat' dir='ltr'><strong>intelligere</strong></span> <span class='ocrx_word' id='word_1_426' title='bbox 3302 1733 3425 1791; x_wconf 95' lang='lat' dir='ltr'><strong>volo</strong></span> <span class='ocrx_word' id='word_1_427' title='bbox 3478 1740 3749 1809; x_wconf 86' lang='lat' dir='ltr'><strong>quomodo</strong></span> <span class='ocrx_word' id='word_1_428' title='bbox 3782 1741 3877 1797; x_wconf 85' lang='lat' dir='ltr'><strong>ﬁr-</strong></span> 
     </span>
    </p>
   </div>
   <div class='ocr_carea' id='block_1_61' title="bbox 2297 1814 3879 1904">
    <p class='ocr_par' dir='ltr' id='par_1_61' title="bbox 2297 1814 3879 1904">
     <span class='ocr_line' id='line_1_62' title="bbox 2297 1814 3879 1904; baseline 0.021 -48"><span class='ocrx_word' id='word_1_429' title='bbox 2297 1814 2656 1876; x_wconf 89' lang='lat' dir='ltr'><strong>mamentum,</strong></span> <span class='ocrx_word' id='word_1_430' title='bbox 2689 1826 2812 1867; x_wconf 90' lang='lat' dir='ltr'><strong>cum</strong></span> <span class='ocrx_word' id='word_1_431' title='bbox 2842 1830 2948 1870; x_wconf 90' lang='lat' dir='ltr'><strong>una</strong></span> <span class='ocrx_word' id='word_1_432' title='bbox 2976 1816 3047 1873; x_wconf 87' lang='lat' dir='ltr'><strong>sit</strong></span> <span class='ocrx_word' id='word_1_433' title='bbox 3066 1821 3406 1893; x_wconf 86' lang='lat' dir='ltr'><strong>substandia,</strong></span> <span class='ocrx_word' id='word_1_434' title='bbox 3429 1824 3641 1884; x_wconf 85' lang='lat' dir='ltr'><strong>dicatur</strong></span> <span class='ocrx_word' id='word_1_435' title='bbox 3658 1845 3879 1904; x_wconf 88' lang='lat' dir='ltr'><strong>compo-</strong></span> 
     </span>
    </p>
   </div>
   <div class='ocr_carea' id='block_1_62' title="bbox 2299 1892 2488 1952">
    <p class='ocr_par' dir='ltr' id='par_1_62' title="bbox 2299 1892 2488 1952">
     <span class='ocr_line' id='line_1_63' title="bbox 2299 1892 2488 1952; baseline 0.021 -4"><span class='ocrx_word' id='word_1_436' title='bbox 2299 1892 2459 1949; x_wconf 92' lang='lat' dir='ltr'><strong>situm</strong></span> <span class='ocrx_word' id='word_1_437' title='bbox 2473 1936 2488 1952; x_wconf 94' lang='lat'><strong>.</strong></span> 
     </span>
    </p>
   </div>
   <div class='ocr_carea' id='block_1_63' title="bbox 2367 2010 3877 2102">
    <p class='ocr_par' dir='ltr' id='par_1_63' title="bbox 2367 2010 3877 2102">
     <span class='ocr_line' id='line_1_64' title="bbox 2367 2010 3877 2102; baseline 0.021 -39"><span class='ocrx_word' id='word_1_438' title='bbox 2367 2010 2602 2068; x_wconf 70' lang='lat' dir='ltr'><strong>Parens.</strong></span> <span class='ocrx_word' id='word_1_439' title='bbox 2655 2014 2831 2074; x_wconf 90' lang='lat' dir='ltr'><strong>Omne</strong></span> <span class='ocrx_word' id='word_1_440' title='bbox 2888 2035 3090 2093; x_wconf 86' lang='lat' dir='ltr'><strong>corpus</strong></span> <span class='ocrx_word' id='word_1_441' title='bbox 3148 2033 3231 2081; x_wconf 88' lang='lat' dir='ltr'><strong>est</strong></span> <span class='ocrx_word' id='word_1_442' title='bbox 3293 2031 3669 2102; x_wconf 89' lang='lat' dir='ltr'><strong>compositum,</strong></span> <span class='ocrx_word' id='word_1_443' title='bbox 3717 2053 3877 2095; x_wconf 89' lang='lat' dir='ltr'><strong>omne</strong></span> 
     </span>
    </p>
   </div>
   <div class='ocr_carea' id='block_1_64' title="bbox 2293 2107 3878 2197">
    <p class='ocr_par' dir='ltr' id='par_1_64' title="bbox 2293 2107 3878 2197">
     <span class='ocr_line' id='line_1_65' title="bbox 2293 2107 3878 2197; baseline 0.02 -45"><span class='ocrx_word' id='word_1_444' title='bbox 2293 2107 2478 2155; x_wconf 90' lang='lat' dir='ltr'><strong>autem</strong></span> <span class='ocrx_word' id='word_1_445' title='bbox 2508 2107 2870 2176; x_wconf 89' lang='lat' dir='ltr'><strong>compositum</strong></span> <span class='ocrx_word' id='word_1_446' title='bbox 2928 2119 3018 2166; x_wconf 88' lang='lat' dir='ltr'><strong>aut</strong></span> <span class='ocrx_word' id='word_1_447' title='bbox 3077 2121 3160 2169; x_wconf 90' lang='lat' dir='ltr'><strong>est</strong></span> <span class='ocrx_word' id='word_1_448' title='bbox 3217 2118 3573 2178; x_wconf 87' lang='lat' dir='ltr'><strong>substantiale</strong></span> <span class='ocrx_word' id='word_1_449' title='bbox 3600 2134 3686 2179; x_wconf 87' lang='lat' dir='ltr'><strong>aut</strong></span> <span class='ocrx_word' id='word_1_450' title='bbox 3715 2130 3878 2197; x_wconf 88' lang='lat' dir='ltr'><strong>parti-</strong></span> 
     </span>
    </p>
   </div>
   <div class='ocr_carea' id='block_1_65' title="bbox 2292 2187 3877 2273">
    <p class='ocr_par' dir='ltr' id='par_1_65' title="bbox 2292 2187 3877 2273">
     <span class='ocr_line' id='line_1_66' title="bbox 2292 2187 3877 2273; baseline 0.02 -32"><span class='ocrx_word' id='word_1_451' title='bbox 2292 2187 2418 2244; x_wconf 89' lang='lat' dir='ltr'><strong>tiale</strong></span> <span class='ocrx_word' id='word_1_452' title='bbox 2452 2205 2465 2245; x_wconf 90' lang='lat'><strong>:</strong></span> <span class='ocrx_word' id='word_1_453' title='bbox 2499 2192 2869 2263; x_wconf 87' lang='lat' dir='ltr'><strong>substantiale,</strong></span> <span class='ocrx_word' id='word_1_454' title='bbox 2895 2200 3058 2255; x_wconf 90' lang='lat' dir='ltr'><strong>veluti</strong></span> <span class='ocrx_word' id='word_1_455' title='bbox 3107 2218 3231 2259; x_wconf 92' lang='lat' dir='ltr'><strong>cum</strong></span> <span class='ocrx_word' id='word_1_456' title='bbox 3259 2222 3369 2262; x_wconf 87' lang='lat' dir='ltr'><strong>una</strong></span> <span class='ocrx_word' id='word_1_457' title='bbox 3411 2187 3728 2269; x_wconf 49' lang='lat' dir='ltr'><strong>substantia.</strong></span> <span class='ocrx_word' id='word_1_458' title='bbox 3789 2218 3877 2273; x_wconf 85' lang='lat' dir='ltr'><strong>alii</strong></span> 
     </span>
    </p>
   </div>
   <div class='ocr_carea' id='block_1_66' title="bbox 2285 2276 3875 2375">
    <p class='ocr_par' dir='ltr' id='par_1_66' title="bbox 2285 2276 3875 2375">
     <span class='ocr_line' id='line_1_67' title="bbox 2285 2276 3875 2375; baseline 0.021 -45"><span class='ocrx_word' id='word_1_459' title='bbox 2285 2276 2583 2351; x_wconf 86' lang='lat' dir='ltr'><strong>jungitur;</strong></span> <span class='ocrx_word' id='word_1_460' title='bbox 2617 2285 2909 2355; x_wconf 88' lang='lat' dir='ltr'><strong>partitiale,</strong></span> <span class='ocrx_word' id='word_1_461' title='bbox 2963 2305 3084 2346; x_wconf 90' lang='lat' dir='ltr'><strong>cum</strong></span> <span class='ocrx_word' id='word_1_462' title='bbox 3109 2294 3268 2349; x_wconf 89' lang='lat' dir='ltr'><strong>unius</strong></span> <span class='ocrx_word' id='word_1_463' title='bbox 3321 2298 3633 2358; x_wconf 72' lang='lat' dir='ltr'><strong>substantiae</strong></span> <span class='ocrx_word' id='word_1_464' title='bbox 3691 2316 3875 2375; x_wconf 78' lang='lat' dir='ltr'><strong>partes</strong></span> 
     </span>
    </p>
   </div>
   <div class='ocr_carea' id='block_1_67' title="bbox 2293 2375 3873 2472">
    <p class='ocr_par' dir='ltr' id='par_1_67' title="bbox 2293 2375 3873 2472">
     <span class='ocr_line' id='line_1_68' title="bbox 2293 2375 3873 2472; baseline 0.018 -41"><span class='ocrx_word' id='word_1_465' title='bbox 2293 2375 2725 2450; x_wconf 84' lang='lat' dir='ltr'><strong>conjunguntur.</strong></span> <span class='ocrx_word' id='word_1_466' title='bbox 2760 2383 3068 2442; x_wconf 87' lang='lat' dir='ltr'><strong>Substantia</strong></span> <span class='ocrx_word' id='word_1_467' title='bbox 3094 2406 3223 2447; x_wconf 90' lang='lat' dir='ltr'><strong>vero</strong></span> <span class='ocrx_word' id='word_1_468' title='bbox 3244 2392 3508 2466; x_wconf 89' lang='lat' dir='ltr'><strong>jungitur,</strong></span> <span class='ocrx_word' id='word_1_469' title='bbox 3550 2408 3604 2454; x_wconf 91' lang='lat' dir='ltr'><strong>ut</strong></span> <span class='ocrx_word' id='word_1_470' title='bbox 3622 2412 3786 2472; x_wconf 86' lang='lat' dir='ltr'><strong>caput</strong></span> <span class='ocrx_word' id='word_1_471' title='bbox 3810 2421 3873 2460; x_wconf 83' lang='lat' dir='ltr'><strong>ex</strong></span> 
     </span>
    </p>
   </div>
   <div class='ocr_carea' id='block_1_68' title="bbox 2291 2464 3871 2562">
    <p class='ocr_par' dir='ltr' id='par_1_68' title="bbox 2291 2464 3871 2562">
     <span class='ocr_line' id='line_1_69' title="bbox 2291 2464 3871 2562; baseline 0.019 -43"><span class='ocrx_word' id='word_1_472' title='bbox 2291 2464 2529 2533; x_wconf 91' lang='lat' dir='ltr'><strong>ossihus,</strong></span> <span class='ocrx_word' id='word_1_473' title='bbox 2562 2483 2728 2524; x_wconf 89' lang='lat' dir='ltr'><strong>carne</strong></span> <span class='ocrx_word' id='word_1_474' title='bbox 2757 2480 2810 2526; x_wconf 93' lang='lat' dir='ltr'><strong>et</strong></span> <span class='ocrx_word' id='word_1_475' title='bbox 2842 2474 2998 2529; x_wconf 87' lang='lat' dir='ltr'><strong>venis</strong></span> <span class='ocrx_word' id='word_1_476' title='bbox 3020 2464 3458 2552; x_wconf 77' lang='lat' dir='ltr'><strong>insimuljunctis</strong></span> <span class='ocrx_word' id='word_1_477' title='bbox 3509 2492 3871 2562; x_wconf 83' lang='lat' dir='ltr'><strong>componitur,</strong></span> 
     </span>
    </p>
   </div>
   <div class='ocr_carea' id='block_1_69' title="bbox 2293 2553 3873 2644">
    <p class='ocr_par' dir='ltr' id='par_1_69' title="bbox 2293 2553 3873 2644">
     <span class='ocr_line' id='line_1_70' title="bbox 2293 2553 3873 2644; baseline 0.02 -37"><span class='ocrx_word' id='word_1_478' title='bbox 2293 2553 2437 2608; x_wconf 89' lang='lat' dir='ltr'><strong>velut</strong></span> <span class='ocrx_word' id='word_1_479' title='bbox 2458 2555 2623 2626; x_wconf 87' lang='lat' dir='ltr'><strong>janua</strong></span> <span class='ocrx_word' id='word_1_480' title='bbox 2656 2575 2718 2614; x_wconf 89' lang='lat' dir='ltr'><strong>ex</strong></span> <span class='ocrx_word' id='word_1_481' title='bbox 2750 2558 2901 2634; x_wconf 82' lang='lat' dir='ltr'><strong>ligno</strong></span> <span class='ocrx_word' id='word_1_482' title='bbox 2945 2572 2997 2620; x_wconf 89' lang='lat' dir='ltr'><strong>et</strong></span> <span class='ocrx_word' id='word_1_483' title='bbox 3029 2566 3176 2623; x_wconf 74' lang='lat' dir='ltr'><strong>ferro</strong></span> <span class='ocrx_word' id='word_1_484' title='bbox 3229 2574 3553 2644; x_wconf 88' lang='lat' dir='ltr'><strong>composita.</strong></span> <span class='ocrx_word' id='word_1_485' title='bbox 3582 2553 3672 2635; x_wconf 83' lang='lat' dir='ltr'><strong>Sic</strong></span> <span class='ocrx_word' id='word_1_486' title='bbox 3715 2553 3873 2638; x_wconf 74' lang='lat' dir='ltr'><strong>omne</strong></span> 
     </span>
    </p>
   </div>
   <div class='ocr_carea' id='block_1_70' title="bbox 2295 2643 3875 2738">
    <p class='ocr_par' dir='ltr' id='par_1_70' title="bbox 2295 2643 3875 2738">
     <span class='ocr_line' id='line_1_71' title="bbox 2295 2643 3875 2738; baseline 0.02 -43"><span class='ocrx_word' id='word_1_487' title='bbox 2295 2643 2440 2713; x_wconf 91' lang='lat' dir='ltr'><strong>quod</strong></span> <span class='ocrx_word' id='word_1_488' title='bbox 2470 2644 2812 2704; x_wconf 89' lang='lat' dir='ltr'><strong>diversarum</strong></span> <span class='ocrx_word' id='word_1_489' title='bbox 2844 2652 3264 2714; x_wconf 89' lang='lat' dir='ltr'><strong>substantiarum</strong></span> <span class='ocrx_word' id='word_1_490' title='bbox 3281 2662 3875 2738; x_wconf 83' lang='lat' dir='ltr'><strong>conjunctioneperﬁci-</strong></span> 
     </span>
    </p>
   </div>
   <div class='ocr_carea' id='block_1_71' title="bbox 2294 2744 3873 2823">
    <p class='ocr_par' dir='ltr' id='par_1_71' title="bbox 2294 2744 3873 2823">
     <span class='ocr_line' id='line_1_72' title="bbox 2294 2744 3873 2823; baseline 0.02 -31"><span class='ocrx_word' id='word_1_491' title='bbox 2294 2747 2399 2807; x_wconf 92' lang='lat' dir='ltr'><strong>tur,</strong></span> <span class='ocrx_word' id='word_1_492' title='bbox 2462 2744 2817 2802; x_wconf 88' lang='lat' dir='ltr'><strong>substantiale</strong></span> <span class='ocrx_word' id='word_1_493' title='bbox 2883 2754 3242 2823; x_wconf 75' lang='lat' dir='ltr'><strong>compositum</strong></span> <span class='ocrx_word' id='word_1_494' title='bbox 3298 2757 3509 2816; x_wconf 88' lang='lat' dir='ltr'><strong>dicitur.</strong></span> <span class='ocrx_word' id='word_1_495' title='bbox 3598 2765 3873 2822; x_wconf 78' lang='lat' dir='ltr'><strong>Partitialis</strong></span> 
     </span>
    </p>
   </div>
   <div class='ocr_carea' id='block_1_72' title="bbox 2293 2838 3876 2927">
    <p class='ocr_par' dir='ltr' id='par_1_72' title="bbox 2293 2838 3876 2927">
     <span class='ocr_line' id='line_1_73' title="bbox 2293 2838 3876 2927; baseline 0.019 -44"><span class='ocrx_word' id='word_1_496' title='bbox 2293 2838 2471 2886; x_wconf 86' lang='lat' dir='ltr'><strong>autem</strong></span> <span class='ocrx_word' id='word_1_497' title='bbox 2504 2838 2790 2905; x_wconf 89' lang='lat' dir='ltr'><strong>compositi</strong></span> <span class='ocrx_word' id='word_1_498' title='bbox 2822 2838 3073 2896; x_wconf 87' lang='lat' dir='ltr'><strong>subtilior</strong></span> <span class='ocrx_word' id='word_1_499' title='bbox 3093 2852 3176 2898; x_wconf 86' lang='lat' dir='ltr'><strong>est</strong></span> <span class='ocrx_word' id='word_1_500' title='bbox 3204 2850 3543 2917; x_wconf 89' lang='lat' dir='ltr'><strong>compositio.</strong></span> <span class='ocrx_word' id='word_1_501' title='bbox 3572 2851 3734 2921; x_wconf 84' lang='lat' dir='ltr'><strong>Quod</strong></span> <span class='ocrx_word' id='word_1_502' title='bbox 3784 2873 3876 2927; x_wconf 83' lang='lat' dir='ltr'><strong>pa-</strong></span> 
     </span>
    </p>
   </div>
   <div class='ocr_carea' id='block_1_73' title="bbox 2297 2923 3871 3011">
    <p class='ocr_par' dir='ltr' id='par_1_73' title="bbox 2297 2923 3871 3011">
     <span class='ocr_line' id='line_1_74' title="bbox 2297 2923 3871 3011; baseline 0.019 -40"><span class='ocrx_word' id='word_1_503' title='bbox 2297 2924 2377 2974; x_wconf 86' lang='lat' dir='ltr'><strong>tet</strong></span> <span class='ocrx_word' id='word_1_504' title='bbox 2405 2936 2505 2990; x_wconf 90' lang='lat' dir='ltr'><strong>per</strong></span> <span class='ocrx_word' id='word_1_505' title='bbox 2537 2923 2642 2978; x_wconf 85' lang='lat' dir='ltr'><strong>hoc</strong></span> <span class='ocrx_word' id='word_1_506' title='bbox 2663 2925 2784 2996; x_wconf 91' lang='lat' dir='ltr'><strong>quia</strong></span> <span class='ocrx_word' id='word_1_507' title='bbox 2812 2942 2973 2984; x_wconf 89' lang='lat' dir='ltr'><strong>omne</strong></span> <span class='ocrx_word' id='word_1_508' title='bbox 3030 2946 3249 3002; x_wconf 89' lang='lat' dir='ltr'><strong>corpus,</strong></span> <span class='ocrx_word' id='word_1_509' title='bbox 3276 2938 3421 3007; x_wconf 89' lang='lat' dir='ltr'><strong>quod</strong></span> <span class='ocrx_word' id='word_1_510' title='bbox 3464 2923 3871 3011; x_wconf 76' lang='lat' dir='ltr'><strong>longitudinem,</strong></span> 
     </span>
    </p>
   </div>
   <div class='ocr_carea' id='block_1_74' title="bbox 2291 3006 3877 3103">
    <p class='ocr_par' dir='ltr' id='par_1_74' title="bbox 2291 3006 3877 3103">
     <span class='ocr_line' id='line_1_75' title="bbox 2291 3006 3877 3103; baseline 0.02 -43"><span class='ocrx_word' id='word_1_511' title='bbox 2291 3006 2629 3066; x_wconf 90' lang='lat' dir='ltr'><strong>latitudinem</strong></span> <span class='ocrx_word' id='word_1_512' title='bbox 2660 3018 2715 3068; x_wconf 88' lang='lat' dir='ltr'><strong>et</strong></span> <span class='ocrx_word' id='word_1_513' title='bbox 2745 3014 3082 3074; x_wconf 88' lang='lat' dir='ltr'><strong>altitudinem</strong></span> <span class='ocrx_word' id='word_1_514' title='bbox 3112 3006 3341 3090; x_wconf 86' lang='lat' dir='ltr'><strong>habens,</strong></span> <span class='ocrx_word' id='word_1_515' title='bbox 3371 3006 3585 3084; x_wconf 66' lang='lat' dir='ltr'><strong>diversd</strong></span> <span class='ocrx_word' id='word_1_516' title='bbox 3613 3047 3719 3087; x_wconf 90' lang='lat' dir='ltr'><strong>non</strong></span> <span class='ocrx_word' id='word_1_517' title='bbox 3743 3006 3877 3103; x_wconf 45' lang='lat' dir='ltr'><strong>jun;</strong></span> 
     </span>
    </p>
   </div>
   <div class='ocr_carea' id='block_1_75' title="bbox 2293 3096 3880 3192">
    <p class='ocr_par' dir='ltr' id='par_1_75' title="bbox 2293 3096 3880 3192">
     <span class='ocr_line' id='line_1_76' title="bbox 2293 3096 3880 3192; baseline 0.019 -42"><span class='ocrx_word' id='word_1_518' title='bbox 2293 3096 2437 3170; x_wconf 88' lang='lat' dir='ltr'><strong>gitur</strong></span> <span class='ocrx_word' id='word_1_519' title='bbox 2489 3104 2728 3172; x_wconf 88' lang='lat' dir='ltr'><strong>corpori,</strong></span> <span class='ocrx_word' id='word_1_520' title='bbox 2774 3105 2942 3161; x_wconf 91' lang='lat' dir='ltr'><strong>solius</strong></span> <span class='ocrx_word' id='word_1_521' title='bbox 3014 3124 3129 3165; x_wconf 68' lang='lat' dir='ltr'><strong>suae</strong></span> <span class='ocrx_word' id='word_1_522' title='bbox 3183 3113 3501 3173; x_wconf 67' lang='lat' dir='ltr'><strong>substantia:</strong></span> <span class='ocrx_word' id='word_1_523' title='bbox 3544 3096 3880 3192; x_wconf 72' lang='lat' dir='ltr'><strong>componitur</strong></span> 
     </span>
    </p>
   </div>
   <div class='ocr_carea' id='block_1_76' title="bbox 2293 3187 3880 3280">
    <p class='ocr_par' dir='ltr' id='par_1_76' title="bbox 2293 3187 3880 3280">
     <span class='ocr_line' id='line_1_77' title="bbox 2293 3187 3880 3280; baseline 0.019 -41"><span class='ocrx_word' id='word_1_524' title='bbox 2293 3187 2559 3256; x_wconf 88' lang='lat' dir='ltr'><strong>partibus,</strong></span> <span class='ocrx_word' id='word_1_525' title='bbox 2590 3199 2647 3245; x_wconf 85' lang='lat' dir='ltr'><strong>ut</strong></span> <span class='ocrx_word' id='word_1_526' title='bbox 2675 3192 2721 3246; x_wconf 92' lang='lat' dir='ltr'><strong>si</strong></span> <span class='ocrx_word' id='word_1_527' title='bbox 2749 3198 2964 3264; x_wconf 84' lang='lat' dir='ltr'><strong>argenti</strong></span> <span class='ocrx_word' id='word_1_528' title='bbox 2992 3206 3175 3266; x_wconf 87' lang='lat' dir='ltr'><strong>partes</strong></span> <span class='ocrx_word' id='word_1_529' title='bbox 3196 3202 3380 3259; x_wconf 63' lang='lat' dir='ltr'><strong>multa</strong></span> <span class='ocrx_word' id='word_1_530' title='bbox 3423 3187 3742 3280; x_wconf 78' lang='lat' dir='ltr'><strong>junguntur,</strong></span> <span class='ocrx_word' id='word_1_531' title='bbox 3775 3214 3880 3269; x_wconf 89' lang='lat' dir='ltr'><strong>do-</strong></span> 
     </span>
    </p>
   </div>
   <div class='ocr_carea' id='block_1_77' title="bbox 2295 3277 3879 3359">
    <p class='ocr_par' dir='ltr' id='par_1_77' title="bbox 2295 3277 3879 3359">
     <span class='ocr_line' id='line_1_78' title="bbox 2295 3277 3879 3359; baseline 0.019 -30"><span class='ocrx_word' id='word_1_532' title='bbox 2295 3291 2397 3332; x_wconf 87' lang='lat' dir='ltr'><strong>nec</strong></span> <span class='ocrx_word' id='word_1_533' title='bbox 2427 3277 2631 3350; x_wconf 86' lang='lat' dir='ltr'><strong>aliquid</strong></span> <span class='ocrx_word' id='word_1_534' title='bbox 2659 3283 3030 3351; x_wconf 87' lang='lat' dir='ltr'><strong>ponderosum</strong></span> <span class='ocrx_word' id='word_1_535' title='bbox 3077 3303 3141 3343; x_wconf 89' lang='lat' dir='ltr'><strong>ac</strong></span> <span class='ocrx_word' id='word_1_536' title='bbox 3170 3290 3401 3346; x_wconf 91' lang='lat' dir='ltr'><strong>solidum</strong></span> <span class='ocrx_word' id='word_1_537' title='bbox 3449 3277 3700 3354; x_wconf 40' lang='lat' dir='ltr'><strong>red—dant.</strong></span> <span class='ocrx_word' id='word_1_538' title='bbox 3730 3277 3733 3278; x_wconf 12' lang='grc' dir='ltr'><em>ν</em></span> <span class='ocrx_word' id='word_1_539' title='bbox 3770 3303 3879 3359; x_wconf 82' lang='lat' dir='ltr'><strong>Hoc</strong></span> 
     </span>
    </p>
   </div>
   <div class='ocr_carea' id='block_1_78' title="bbox 2294 3371 3880 3452">
    <p class='ocr_par' dir='ltr' id='par_1_78' title="bbox 2294 3371 3880 3452">
     <span class='ocr_line' id='line_1_79' title="bbox 2294 3371 3880 3452; baseline 0.019 -34"><span class='ocrx_word' id='word_1_540' title='bbox 2294 3373 2473 3420; x_wconf 84' lang='lat' dir='ltr'><strong>autem</strong></span> <span class='ocrx_word' id='word_1_541' title='bbox 2505 3371 2865 3440; x_wconf 90' lang='lat' dir='ltr'><strong>compositum</strong></span> <span class='ocrx_word' id='word_1_542' title='bbox 2905 3376 3180 3446; x_wconf 87' lang='lat' dir='ltr'><strong>superiori</strong></span> <span class='ocrx_word' id='word_1_543' title='bbox 3229 3380 3529 3452; x_wconf 88' lang='lat' dir='ltr'><strong>simplicius</strong></span> <span class='ocrx_word' id='word_1_544' title='bbox 3583 3396 3692 3445; x_wconf 88' lang='lat' dir='ltr'><strong>est.</strong></span> <span class='ocrx_word' id='word_1_545' title='bbox 3743 3392 3880 3447; x_wconf 86' lang='lat' dir='ltr'><strong>Illud</strong></span> 
     </span>
    </p>
   </div>
   <div class='ocr_carea' id='block_1_79' title="bbox 2294 3458 3881 3553">
    <p class='ocr_par' dir='ltr' id='par_1_79' title="bbox 2294 3458 3881 3553">
     <span class='ocr_line' id='line_1_80' title="bbox 2294 3458 3881 3553; baseline 0.018 -44"><span class='ocrx_word' id='word_1_546' title='bbox 2294 3470 2423 3509; x_wconf 90' lang='lat' dir='ltr'><strong>vero</strong></span> <span class='ocrx_word' id='word_1_547' title='bbox 2446 3471 2510 3510; x_wconf 87' lang='lat' dir='ltr'><strong>ex</strong></span> <span class='ocrx_word' id='word_1_548' title='bbox 2540 3464 2651 3512; x_wconf 87' lang='lat' dir='ltr'><strong>toto</strong></span> <span class='ocrx_word' id='word_1_549' title='bbox 2671 3458 2865 3516; x_wconf 91' lang='lat' dir='ltr'><strong>dicitur</strong></span> <span class='ocrx_word' id='word_1_550' title='bbox 2891 3462 3168 3534; x_wconf 86' lang='lat' dir='ltr'><strong>simplum,</strong></span> <span class='ocrx_word' id='word_1_551' title='bbox 3227 3470 3371 3540; x_wconf 92' lang='lat' dir='ltr'><strong>quod</strong></span> <span class='ocrx_word' id='word_1_552' title='bbox 3396 3472 3555 3542; x_wconf 87' lang='lat' dir='ltr'><strong>hujus</strong></span> <span class='ocrx_word' id='word_1_553' title='bbox 3600 3479 3881 3553; x_wconf 86' lang='lat' dir='ltr'><strong>utriusque</strong></span> 
     </span>
    </p>
   </div>
   <div class='ocr_carea' id='block_1_80' title="bbox 2293 3545 3878 3627">
    <p class='ocr_par' dir='ltr' id='par_1_80' title="bbox 2293 3545 3878 3627">
     <span class='ocr_line' id='line_1_81' title="bbox 2293 3545 3878 3627; baseline 0.018 -29"><span class='ocrx_word' id='word_1_554' title='bbox 2293 3545 2708 3615; x_wconf 90' lang='lat' dir='ltr'><strong>compositionis</strong></span> <span class='ocrx_word' id='word_1_555' title='bbox 2737 3557 2819 3604; x_wconf 88' lang='lat' dir='ltr'><strong>est</strong></span> <span class='ocrx_word' id='word_1_556' title='bbox 2845 3566 3071 3623; x_wconf 81' lang='lat' dir='ltr'><strong>expers.</strong></span> <span class='ocrx_word' id='word_1_557' title='bbox 3099 3554 3171 3609; x_wconf 84' lang='lat' dir='ltr'><strong>Et</strong></span> <span class='ocrx_word' id='word_1_558' title='bbox 3185 3559 3441 3627; x_wconf 87' lang='lat' dir='ltr'><strong>quoniam</strong></span> <span class='ocrx_word' id='word_1_559' title='bbox 3484 3545 3878 3625; x_wconf 69' lang='lat' dir='ltr'><strong>ﬁrmamentum</strong></span> 
     </span>
    </p>
   </div>
   <div class='ocr_carea' id='block_1_81' title="bbox 2293 3637 3879 3723">
    <p class='ocr_par' dir='ltr' id='par_1_81' title="bbox 2293 3637 3879 3723">
     <span class='ocr_line' id='line_1_82' title="bbox 2293 3637 3879 3723; baseline 0.018 -35"><span class='ocrx_word' id='word_1_560' title='bbox 2293 3640 2381 3688; x_wconf 89' lang='lat' dir='ltr'><strong>est</strong></span> <span class='ocrx_word' id='word_1_561' title='bbox 2438 3649 2659 3705; x_wconf 89' lang='lat' dir='ltr'><strong>corpus,</strong></span> <span class='ocrx_word' id='word_1_562' title='bbox 2720 3637 2895 3694; x_wconf 82' lang='lat' dir='ltr'><strong>tribus</strong></span> <span class='ocrx_word' id='word_1_563' title='bbox 2939 3651 3197 3699; x_wconf 87' lang='lat' dir='ltr'><strong>constans</strong></span> <span class='ocrx_word' id='word_1_564' title='bbox 3253 3646 3705 3723; x_wconf 86' lang='lat' dir='ltr'><strong>dimensionibus,</strong></span> <span class='ocrx_word' id='word_1_565' title='bbox 3750 3674 3879 3715; x_wconf 78' lang='lat' dir='ltr'><strong>vere</strong></span> 
     </span>
    </p>
   </div>
   <div class='ocr_carea' id='block_1_82' title="bbox 2294 3721 3114 3798">
    <p class='ocr_par' dir='ltr' id='par_1_82' title="bbox 2294 3721 3114 3798">
     <span class='ocr_line' id='line_1_83' title="bbox 2294 3721 3114 3798; baseline 0.013 -23"><span class='ocrx_word' id='word_1_566' title='bbox 2294 3721 2511 3794; x_wconf 89' lang='lat' dir='ltr'><strong>quidem</strong></span> <span class='ocrx_word' id='word_1_567' title='bbox 2542 3733 2625 3780; x_wconf 86' lang='lat' dir='ltr'><strong>est</strong></span> <span class='ocrx_word' id='word_1_568' title='bbox 2654 3728 3037 3798; x_wconf 83' lang='lat' dir='ltr'><strong>compositum.</strong></span> <span class='ocrx_word' id='word_1_569' title='bbox 3111 3757 3114 3760; x_wconf 53' lang='grc'><strong>’</strong></span> 
     </span>
    </p>
   </div>
   <div class='ocr_carea' id='block_1_83' title="bbox 2362 3838 3877 3929">
    <p class='ocr_par' dir='ltr' id='par_1_83' title="bbox 2362 3838 3877 3929">
     <span class='ocr_line' id='line_1_84' title="bbox 2362 3838 3877 3929; baseline 0.018 -38"><span class='ocrx_word' id='word_1_570' title='bbox 2362 3838 2616 3896; x_wconf 77' lang='lat' dir='ltr'><strong>Morsns.</strong></span> <span class='ocrx_word' id='word_1_571' title='bbox 2654 3840 2939 3899; x_wconf 86' lang='lat' dir='ltr'><strong>Rationem</strong></span> <span class='ocrx_word' id='word_1_572' title='bbox 2961 3861 3125 3904; x_wconf 86' lang='lat' dir='ltr'><strong>nosse</strong></span> <span class='ocrx_word' id='word_1_573' title='bbox 3151 3849 3703 3929; x_wconf 89' lang='lat' dir='ltr'><strong>desidero,quomodo</strong></span> <span class='ocrx_word' id='word_1_574' title='bbox 3718 3878 3877 3919; x_wconf 89' lang='lat' dir='ltr'><strong>omne</strong></span> 
     </span>
    </p>
   </div>
   <div class='ocr_carea' id='block_1_84' title="bbox 2291 3926 3879 4006">
    <p class='ocr_par' dir='ltr' id='par_1_84' title="bbox 2291 3926 3879 4006">
     <span class='ocr_line' id='line_1_85' title="bbox 2291 3926 3879 4006; baseline 0.018 -28"><span class='ocrx_word' id='word_1_575' title='bbox 2291 3940 2492 3995; x_wconf 90' lang='lat' dir='ltr'><strong>corpus</strong></span> <span class='ocrx_word' id='word_1_576' title='bbox 2516 3926 2876 4001; x_wconf 89' lang='lat' dir='ltr'><strong>longitudine,</strong></span> <span class='ocrx_word' id='word_1_577' title='bbox 2910 3933 3189 3994; x_wconf 85' lang='lat' dir='ltr'><strong>latitudine</strong></span> <span class='ocrx_word' id='word_1_578' title='bbox 3221 3948 3274 3996; x_wconf 89' lang='lat' dir='ltr'><strong>et</strong></span> <span class='ocrx_word' id='word_1_579' title='bbox 3310 3926 3591 4002; x_wconf 83' lang='lat' dir='ltr'><strong>altitudine</strong></span> <span class='ocrx_word' id='word_1_580' title='bbox 3619 3959 3879 4006; x_wconf 87' lang='lat' dir='ltr'><strong>constans</strong></span> 
     </span>
    </p>
   </div>
   <div class='ocr_carea' id='block_1_85' title="bbox 2292 4018 2783 4086">
    <p class='ocr_par' dir='ltr' id='par_1_85' title="bbox 2292 4018 2783 4086">
     <span class='ocr_line' id='line_1_86' title="bbox 2292 4018 2783 4086; baseline 0.01 -17"><span class='ocrx_word' id='word_1_581' title='bbox 2292 4018 2657 4086; x_wconf 88' lang='lat' dir='ltr'><strong>compositum</strong></span> <span class='ocrx_word' id='word_1_582' title='bbox 2684 4019 2783 4075; x_wconf 91' lang='lat' dir='ltr'><strong>sit.</strong></span> 
     </span>
    </p>
   </div>
   <div class='ocr_carea' id='block_1_86' title="bbox 2365 4131 3877 4229">
    <p class='ocr_par' dir='ltr' id='par_1_86' title="bbox 2365 4131 3877 4229">
     <span class='ocr_line' id='line_1_87' title="bbox 2365 4131 3877 4229; baseline 0.019 -45"><span class='ocrx_word' id='word_1_583' title='bbox 2365 4131 2603 4188; x_wconf 67' lang='lat' dir='ltr'><strong>Parens.</strong></span> <span class='ocrx_word' id='word_1_584' title='bbox 2663 4134 2838 4191; x_wconf 88' lang='lat' dir='ltr'><strong>Omne</strong></span> <span class='ocrx_word' id='word_1_585' title='bbox 2867 4154 3067 4211; x_wconf 91' lang='lat' dir='ltr'><strong>corpus</strong></span> <span class='ocrx_word' id='word_1_586' title='bbox 3097 4143 3254 4215; x_wconf 91' lang='lat' dir='ltr'><strong>cujus</strong></span> <span class='ocrx_word' id='word_1_587' title='bbox 3302 4157 3493 4205; x_wconf 88' lang='lat' dir='ltr'><strong>natura</strong></span> <span class='ocrx_word' id='word_1_588' title='bbox 3546 4151 3599 4208; x_wconf 92' lang='lat' dir='ltr'><strong>in</strong></span> <span class='ocrx_word' id='word_1_589' title='bbox 3640 4153 3877 4229; x_wconf 87' lang='lat' dir='ltr'><strong>aliquam</strong></span> 
     </span>
    </p>
   </div>
   <div class='ocr_carea' id='block_1_87' title="bbox 2290 4224 3879 4317">
    <p class='ocr_par' dir='ltr' id='par_1_87' title="bbox 2290 4224 3879 4317">
     <span class='ocr_line' id='line_1_88' title="bbox 2290 4224 3879 4317; baseline 0.019 -45"><span class='ocrx_word' id='word_1_590' title='bbox 2290 4228 2498 4290; x_wconf 87' lang='lat' dir='ltr'><strong>partem</strong></span> <span class='ocrx_word' id='word_1_591' title='bbox 2523 4231 2602 4278; x_wconf 87' lang='lat' dir='ltr'><strong>est</strong></span> <span class='ocrx_word' id='word_1_592' title='bbox 2634 4224 2872 4291; x_wconf 88' lang='lat' dir='ltr'><strong>mobilis,</strong></span> <span class='ocrx_word' id='word_1_593' title='bbox 2932 4244 3038 4283; x_wconf 86' lang='lat' dir='ltr'><strong>non</strong></span> <span class='ocrx_word' id='word_1_594' title='bbox 3069 4242 3318 4290; x_wconf 89' lang='lat' dir='ltr'><strong>movetur</strong></span> <span class='ocrx_word' id='word_1_595' title='bbox 3373 4238 3427 4292; x_wconf 91' lang='lat' dir='ltr'><strong>in</strong></span> <span class='ocrx_word' id='word_1_596' title='bbox 3456 4242 3706 4299; x_wconf 88' lang='lat' dir='ltr'><strong>eamdem</strong></span> <span class='ocrx_word' id='word_1_597' title='bbox 3761 4264 3879 4317; x_wconf 88' lang='lat' dir='ltr'><strong>par-</strong></span> 
     </span>
    </p>
   </div>
   <div class='ocr_carea' id='block_1_88' title="bbox 2290 4310 3875 4406">
    <p class='ocr_par' dir='ltr' id='par_1_88' title="bbox 2290 4310 3875 4406">
     <span class='ocr_line' id='line_1_89' title="bbox 2290 4310 3875 4406; baseline 0.019 -44"><span class='ocrx_word' id='word_1_598' title='bbox 2290 4317 2399 4364; x_wconf 85' lang='lat' dir='ltr'><strong>tem</strong></span> <span class='ocrx_word' id='word_1_599' title='bbox 2426 4310 2532 4366; x_wconf 89' lang='lat' dir='ltr'><strong>nisi</strong></span> <span class='ocrx_word' id='word_1_600' title='bbox 2553 4328 2652 4383; x_wconf 87' lang='lat' dir='ltr'><strong>per</strong></span> <span class='ocrx_word' id='word_1_601' title='bbox 2681 4319 2933 4371; x_wconf 86' lang='lat' dir='ltr'><strong>naturam</strong></span> <span class='ocrx_word' id='word_1_602' title='bbox 2961 4334 3135 4376; x_wconf 88' lang='lat' dir='ltr'><strong>suam.</strong></span> <span class='ocrx_word' id='word_1_603' title='bbox 3167 4324 3366 4381; x_wconf 91' lang='lat' dir='ltr'><strong>Notum</strong></span> <span class='ocrx_word' id='word_1_604' title='bbox 3394 4337 3476 4384; x_wconf 87' lang='lat' dir='ltr'><strong>est</strong></span> <span class='ocrx_word' id='word_1_605' title='bbox 3516 4339 3695 4387; x_wconf 80' lang='lat' dir='ltr'><strong>autem</strong></span> <span class='ocrx_word' id='word_1_606' title='bbox 3724 4310 3875 4406; x_wconf 71' lang='lat' dir='ltr'><strong>quod</strong></span> 
     </span>
    </p>
   </div>
   <div class='ocr_carea' id='block_1_89' title="bbox 2287 4400 3875 4490">
    <p class='ocr_par' dir='ltr' id='par_1_89' title="bbox 2287 4400 3875 4490">
     <span class='ocr_line' id='line_1_90' title="bbox 2287 4400 3875 4490; baseline 0.016 -36"><span class='ocrx_word' id='word_1_607' title='bbox 2287 4413 2417 4469; x_wconf 84' lang='lat' dir='ltr'><strong>pars</strong></span> <span class='ocrx_word' id='word_1_608' title='bbox 2448 4400 2541 4455; x_wconf 90' lang='lat' dir='ltr'><strong>illa</strong></span> <span class='ocrx_word' id='word_1_609' title='bbox 2571 4402 2640 4457; x_wconf 90' lang='lat' dir='ltr'><strong>ad</strong></span> <span class='ocrx_word' id='word_1_610' title='bbox 2671 4403 2911 4476; x_wconf 86' lang='lat' dir='ltr'><strong>aliquam</strong></span> <span class='ocrx_word' id='word_1_611' title='bbox 2964 4418 3213 4466; x_wconf 88' lang='lat' dir='ltr'><strong>movetur</strong></span> <span class='ocrx_word' id='word_1_612' title='bbox 3236 4430 3337 4484; x_wconf 87' lang='lat' dir='ltr'><strong>per</strong></span> <span class='ocrx_word' id='word_1_613' title='bbox 3365 4425 3625 4490; x_wconf 86' lang='lat' dir='ltr'><strong>naturam,</strong></span> <span class='ocrx_word' id='word_1_614' title='bbox 3682 4400 3774 4477; x_wconf 70' lang='lat' dir='ltr'><strong>illa</strong></span> <span class='ocrx_word' id='word_1_615' title='bbox 3793 4433 3875 4480; x_wconf 86' lang='lat' dir='ltr'><strong>est</strong></span> 
     </span>
    </p>
   </div>
   <div class='ocr_carea' id='block_1_90' title="bbox 2289 4486 3869 4581">
    <p class='ocr_par' dir='ltr' id='par_1_90' title="bbox 2289 4486 3869 4581">
     <span class='ocr_line' id='line_1_91' title="bbox 2289 4486 3869 4581; baseline 0.018 -40"><span class='ocrx_word' id='word_1_616' title='bbox 2289 4486 2409 4558; x_wconf 84' lang='lat' dir='ltr'><strong>ejus</strong></span> <span class='ocrx_word' id='word_1_617' title='bbox 2442 4489 2709 4547; x_wconf 88' lang='lat' dir='ltr'><strong>naturalis</strong></span> <span class='ocrx_word' id='word_1_618' title='bbox 2763 4493 2941 4550; x_wconf 88' lang='lat' dir='ltr'><strong>locus.</strong></span> <span class='ocrx_word' id='word_1_619' title='bbox 2999 4496 3243 4572; x_wconf 81' lang='lat' dir='ltr'><strong>Cumque</strong></span> <span class='ocrx_word' id='word_1_620' title='bbox 3287 4502 3359 4559; x_wconf 87' lang='lat' dir='ltr'><strong>ita</strong></span> <span class='ocrx_word' id='word_1_621' title='bbox 3388 4506 3474 4575; x_wconf 88' lang='lat' dir='ltr'><strong>sit,</strong></span> <span class='ocrx_word' id='word_1_622' title='bbox 3532 4486 3869 4581; x_wconf 81' lang='lat' dir='ltr'><strong>impossibile</strong></span> 
     </span>
    </p>
   </div>
   <div class='ocr_carea' id='block_1_91' title="bbox 653 4578 2181 4673">
    <p class='ocr_par' dir='ltr' id='par_1_91' title="bbox 653 4579 2173 4655">
     <span class='ocr_line' id='line_1_92' title="bbox 653 4579 2173 4655; baseline 0.001 -14"><span class='ocrx_word' id='word_1_623' title='bbox 653 4586 899 4640; x_wconf 74' lang='lat' dir='ltr'><strong>Morsas.</strong></span> <span class='ocrx_word' id='word_1_624' title='bbox 922 4581 1162 4655; x_wconf 82' lang='lat' dir='ltr'><strong>Dignum</strong></span> <span class='ocrx_word' id='word_1_625' title='bbox 1218 4587 1301 4636; x_wconf 89' lang='lat' dir='ltr'><strong>est</strong></span> <span class='ocrx_word' id='word_1_626' title='bbox 1332 4596 1419 4636; x_wconf 90' lang='lat' dir='ltr'><strong>me</strong></span> <span class='ocrx_word' id='word_1_627' title='bbox 1449 4579 1790 4637; x_wconf 85' lang='lat' dir='ltr'><strong>sermonibus</strong></span> <span class='ocrx_word' id='word_1_628' title='bbox 1837 4583 1941 4638; x_wconf 89' lang='lat' dir='ltr'><strong>tuis</strong></span> <span class='ocrx_word' id='word_1_629' title='bbox 1999 4585 2173 4643; x_wconf 87' lang='lat' dir='ltr'><strong>bene-</strong></span> 
     </span>
    </p>
   </div>
   <div class='ocr_carea' id='block_1_92' title="bbox 2299 4578 3868 4673">
    <p class='ocr_par' dir='ltr' id='par_1_92' title="bbox 2299 4578 3868 4673">
     <span class='ocr_line' id='line_1_93' title="bbox 2299 4578 3868 4673; baseline 0.018 -42"><span class='ocrx_word' id='word_1_630' title='bbox 2299 4584 2375 4632; x_wconf 80' lang='lat' dir='ltr'><strong>est</strong></span> <span class='ocrx_word' id='word_1_631' title='bbox 2405 4586 2457 4633; x_wconf 93' lang='lat' dir='ltr'><strong>ut</strong></span> <span class='ocrx_word' id='word_1_632' title='bbox 2490 4578 2655 4635; x_wconf 89' lang='lat' dir='ltr'><strong>ullam</strong></span> <span class='ocrx_word' id='word_1_633' title='bbox 2675 4580 3073 4641; x_wconf 89' lang='lat' dir='ltr'><strong>dimensionem</strong></span> <span class='ocrx_word' id='word_1_634' title='bbox 3129 4588 3327 4647; x_wconf 86' lang='lat' dir='ltr'><strong>habeat</strong></span> <span class='ocrx_word' id='word_1_635' title='bbox 3341 4594 3412 4648; x_wconf 90' lang='lat' dir='ltr'><strong>ad</strong></span> <span class='ocrx_word' id='word_1_636' title='bbox 3439 4578 3868 4673; x_wconf 40' lang='lat' dir='ltr'><strong>aliam—partem,</strong></span> 
     </span>
    </p>
   </div>
   <div class='ocr_carea' id='block_1_93' title="bbox 580 4669 2175 4745">
    <p class='ocr_par' dir='ltr' id='par_1_93' title="bbox 580 4669 2175 4745">
     <span class='ocr_line' id='line_1_94' title="bbox 580 4669 2175 4745; baseline -0.001 -11"><span class='ocrx_word' id='word_1_637' title='bbox 580 4676 791 4744; x_wconf 86' lang='lat' dir='ltr'><strong>dicere,</strong></span> <span class='ocrx_word' id='word_1_638' title='bbox 824 4689 854 4728; x_wconf 88' lang='lat' dir='ltr'><strong>a</strong></span> <span class='ocrx_word' id='word_1_639' title='bbox 885 4671 1085 4745; x_wconf 90' lang='lat' dir='ltr'><strong>quibus</strong></span> <span class='ocrx_word' id='word_1_640' title='bbox 1114 4678 1324 4725; x_wconf 88' lang='lat' dir='ltr'><strong>tantum</strong></span> <span class='ocrx_word' id='word_1_641' title='bbox 1353 4685 1441 4726; x_wconf 92' lang='lat' dir='ltr'><strong>me</strong></span> <span class='ocrx_word' id='word_1_642' title='bbox 1479 4669 1648 4726; x_wconf 84' lang='lat' dir='ltr'><strong>credo</strong></span> <span class='ocrx_word' id='word_1_643' title='bbox 1705 4670 1939 4728; x_wconf 82' lang='lat' dir='ltr'><strong>fructum</strong></span> <span class='ocrx_word' id='word_1_644' title='bbox 1997 4676 2175 4732; x_wconf 91' lang='lat' dir='ltr'><strong>susci-</strong></span> 
     </span>
    </p>
   </div>
   <div class='ocr_carea' id='block_1_94' title="bbox 573 4766 2177 4848">
    <p class='ocr_par' dir='ltr' id='par_1_94' title="bbox 573 4766 2177 4848">
     <span class='ocr_line' id='line_1_95' title="bbox 573 4766 2177 4848; baseline 0 -18"><span class='ocrx_word' id='word_1_645' title='bbox 573 4790 729 4848; x_wconf 84' lang='lat' dir='ltr'><strong>pere.</strong></span> <span class='ocrx_word' id='word_1_646' title='bbox 764 4771 1101 4827; x_wconf 88' lang='lat' dir='ltr'><strong>Promissum</strong></span> <span class='ocrx_word' id='word_1_647' title='bbox 1157 4766 1324 4841; x_wconf 88' lang='lat' dir='ltr'><strong>igitur</strong></span> <span class='ocrx_word' id='word_1_648' title='bbox 1396 4767 1610 4840; x_wconf 91' lang='lat' dir='ltr'><strong>comple</strong></span> <span class='ocrx_word' id='word_1_649' title='bbox 1644 4767 1871 4841; x_wconf 88' lang='lat' dir='ltr'><strong>jamque</strong></span> <span class='ocrx_word' id='word_1_650' title='bbox 1914 4772 2177 4843; x_wconf 89' lang='lat' dir='ltr'><strong>palatium</strong></span> 
     </span>
    </p>
   </div>
   <div class='ocr_carea' id='block_1_95' title="bbox 579 4857 1485 4936">
    <p class='ocr_par' dir='ltr' id='par_1_95' title="bbox 579 4857 1485 4936">
     <span class='ocr_line' id='line_1_96' title="bbox 579 4857 1485 4936; baseline -0.008 -17"><span class='ocrx_word' id='word_1_651' title='bbox 579 4862 779 4936; x_wconf 90' lang='lat' dir='ltr'><strong>quibus</strong></span> <span class='ocrx_word' id='word_1_652' title='bbox 808 4858 996 4915; x_wconf 87' lang='lat' dir='ltr'><strong>dixisti</strong></span> <span class='ocrx_word' id='word_1_653' title='bbox 1026 4857 1253 4912; x_wconf 86' lang='lat' dir='ltr'><strong>ﬂoribus</strong></span> <span class='ocrx_word' id='word_1_654' title='bbox 1274 4865 1485 4912; x_wconf 89' lang='lat' dir='ltr'><strong>sterne.</strong></span> 
     </span>
    </p>
   </div>
   <div class='ocr_carea' id='block_1_96' title="bbox 650 4955 2175 5026">
    <p class='ocr_par' dir='ltr' id='par_1_96' title="bbox 650 4955 2175 5026">
     <span class='ocr_line' id='line_1_97' title="bbox 650 4955 2175 5026; baseline 0.001 -11"><span class='ocrx_word' id='word_1_655' title='bbox 650 4962 889 5015; x_wconf 78' lang='lat' dir='ltr'><strong>Pnraus.</strong></span> <span class='ocrx_word' id='word_1_656' title='bbox 921 4958 983 5011; x_wconf 88' lang='lat' dir='ltr'><strong>In</strong></span> <span class='ocrx_word' id='word_1_657' title='bbox 1018 4957 1124 5011; x_wconf 91' lang='lat' dir='ltr'><strong>hoc</strong></span> <span class='ocrx_word' id='word_1_658' title='bbox 1178 4970 1311 5010; x_wconf 90' lang='lat' dir='ltr'><strong>vero</strong></span> <span class='ocrx_word' id='word_1_659' title='bbox 1340 4955 1656 5026; x_wconf 88' lang='lat' dir='ltr'><strong>philosophi</strong></span> <span class='ocrx_word' id='word_1_660' title='bbox 1686 4973 1880 5014; x_wconf 89' lang='lat' dir='ltr'><strong>omnes</strong></span> <span class='ocrx_word' id='word_1_661' title='bbox 1935 4975 2175 5018; x_wconf 90' lang='lat' dir='ltr'><strong>consen-</strong></span> 
     </span>
    </p>
   </div>
   <div class='ocr_carea' id='block_1_97' title="bbox 577 5044 2171 5121">
    <p class='ocr_par' dir='ltr' id='par_1_97' title="bbox 577 5044 2171 5121">
     <span class='ocr_line' id='line_1_98' title="bbox 577 5044 2171 5121; baseline -0.002 -13"><span class='ocrx_word' id='word_1_662' title='bbox 577 5051 718 5108; x_wconf 89' lang='lat' dir='ltr'><strong>tiunt</strong></span> <span class='ocrx_word' id='word_1_663' title='bbox 755 5047 905 5120; x_wconf 89' lang='lat' dir='ltr'><strong>quod</strong></span> <span class='ocrx_word' id='word_1_664' title='bbox 935 5044 1270 5116; x_wconf 88' lang='lat' dir='ltr'><strong>principium</strong></span> <span class='ocrx_word' id='word_1_665' title='bbox 1299 5060 1483 5099; x_wconf 90' lang='lat' dir='ltr'><strong>rerum</strong></span> <span class='ocrx_word' id='word_1_666' title='bbox 1512 5054 1597 5100; x_wconf 89' lang='lat' dir='ltr'><strong>est</strong></span> <span class='ocrx_word' id='word_1_667' title='bbox 1626 5046 1869 5117; x_wconf 87' lang='lat' dir='ltr'><strong>perfecta</strong></span> <span class='ocrx_word' id='word_1_668' title='bbox 1885 5049 2171 5121; x_wconf 86' lang='lat' dir='ltr'><strong>sapientia,</strong></span> 
     </span>
    </p>
   </div>
   <div class='ocr_carea' id='block_1_98' title="bbox 573 5134 2172 5214">
    <p class='ocr_par' dir='ltr' id='par_1_98' title="bbox 573 5134 2172 5214">
     <span class='ocr_line' id='line_1_99' title="bbox 573 5134 2172 5214; baseline -0.01 -16"><span class='ocrx_word' id='word_1_669' title='bbox 573 5156 741 5199; x_wconf 89' lang='lat' dir='ltr'><strong>umen</strong></span> <span class='ocrx_word' id='word_1_670' title='bbox 772 5139 1126 5211; x_wconf 77' lang='lat' dir='ltr'><strong>praeclarum.</strong></span> <span class='ocrx_word' id='word_1_671' title='bbox 1151 5134 1463 5189; x_wconf 81' lang='lat' dir='ltr'><strong>substantia</strong></span> <span class='ocrx_word' id='word_1_672' title='bbox 1499 5136 1947 5206; x_wconf 86' lang='lat' dir='ltr'><strong>substantiarum,</strong></span> <span class='ocrx_word' id='word_1_673' title='bbox 2005 5156 2172 5214; x_wconf 64' lang='grc' dir='ltr'><strong>ιιι-ευ-</strong></span> 
     </span>
    </p>
   </div>
   <div class='ocr_carea' id='block_1_99' title="bbox 572 5222 2172 5295">
    <p class='ocr_par' dir='ltr' id='par_1_99' title="bbox 572 5222 2172 5295">
     <span class='ocr_line' id='line_1_100' title="bbox 572 5222 2172 5295; baseline -0.001 -10"><span class='ocrx_word' id='word_1_674' title='bbox 572 5237 819 5285; x_wconf 86' lang='lat' dir='ltr'><strong>mentum</strong></span> <span class='ocrx_word' id='word_1_675' title='bbox 850 5239 1042 5280; x_wconf 88' lang='lat' dir='ltr'><strong>rerum</strong></span> <span class='ocrx_word' id='word_1_676' title='bbox 1074 5222 1450 5278; x_wconf 89' lang='lat' dir='ltr'><strong>universarum</strong></span> <span class='ocrx_word' id='word_1_677' title='bbox 1489 5238 1503 5291; x_wconf 88' lang='lat'><strong>;</strong></span> <span class='ocrx_word' id='word_1_678' title='bbox 1536 5233 1662 5295; x_wconf 93' lang='lat' dir='ltr'><strong>post</strong></span> <span class='ocrx_word' id='word_1_679' title='bbox 1692 5226 1795 5280; x_wconf 80' lang='lat' dir='ltr'><strong>hoc</strong></span> <span class='ocrx_word' id='word_1_680' title='bbox 1825 5235 1905 5280; x_wconf 91' lang='lat' dir='ltr'><strong>est</strong></span> <span class='ocrx_word' id='word_1_681' title='bbox 1938 5229 2172 5285; x_wconf 88' lang='lat' dir='ltr'><strong>mundus</strong></span> 
     </span>
    </p>
   </div>
   <div class='ocr_carea' id='block_1_100' title="bbox 570 5310 2172 5382">
    <p class='ocr_par' dir='ltr' id='par_1_100' title="bbox 570 5310 2172 5382">
     <span class='ocr_line' id='line_1_101' title="bbox 570 5310 2172 5382; baseline 0 -8"><span class='ocrx_word' id='word_1_682' title='bbox 570 5319 764 5375; x_wconf 60' lang='lat' dir='ltr'><strong>animm</strong></span> <span class='ocrx_word' id='word_1_683' title='bbox 790 5313 1139 5378; x_wconf 87' lang='lat' dir='ltr'><strong>universalis,</strong></span> <span class='ocrx_word' id='word_1_684' title='bbox 1203 5320 1331 5382; x_wconf 91' lang='lat' dir='ltr'><strong>post</strong></span> <span class='ocrx_word' id='word_1_685' title='bbox 1382 5310 1539 5367; x_wconf 90' lang='lat' dir='ltr'><strong>illum</strong></span> <span class='ocrx_word' id='word_1_686' title='bbox 1588 5329 1722 5371; x_wconf 82' lang='lat' dir='ltr'><strong>vero</strong></span> <span class='ocrx_word' id='word_1_687' title='bbox 1753 5316 2003 5372; x_wconf 87' lang='lat' dir='ltr'><strong>materia.</strong></span> <span class='ocrx_word' id='word_1_688' title='bbox 2042 5319 2172 5374; x_wconf 64' lang='lat' dir='ltr'><strong>Haec</strong></span> 
     </span>
    </p>
   </div>
   <div class='ocr_carea' id='block_1_101' title="bbox 571 5409 2167 5483">
    <p class='ocr_par' dir='ltr' id='par_1_101' title="bbox 571 5409 2167 5483">
     <span class='ocr_line' id='line_1_102' title="bbox 571 5409 2167 5483; baseline 0 -13"><span class='ocrx_word' id='word_1_689' title='bbox 571 5425 759 5472; x_wconf 85' lang='lat' dir='ltr'><strong>autem</strong></span> <span class='ocrx_word' id='word_1_690' title='bbox 790 5415 921 5477; x_wconf 86' lang='lat' dir='ltr'><strong>duo,</strong></span> <span class='ocrx_word' id='word_1_691' title='bbox 953 5409 1285 5466; x_wconf 88' lang='lat' dir='ltr'><strong>universalis</strong></span> <span class='ocrx_word' id='word_1_692' title='bbox 1302 5409 1514 5465; x_wconf 87' lang='lat' dir='ltr'><strong>scilicet</strong></span> <span class='ocrx_word' id='word_1_693' title='bbox 1539 5410 1722 5465; x_wconf 85' lang='lat' dir='ltr'><strong>anima</strong></span> <span class='ocrx_word' id='word_1_694' title='bbox 1742 5420 1906 5483; x_wconf 89' lang='lat' dir='ltr'><strong>atque</strong></span> <span class='ocrx_word' id='word_1_695' title='bbox 1920 5415 2167 5482; x_wconf 87' lang='lat' dir='ltr'><strong>materia,</strong></span> 
     </span>
    </p>
   </div>
   <div class='ocr_carea' id='block_1_102' title="bbox 572 5509 2170 5584">
    <p class='ocr_par' dir='ltr' id='par_1_102' title="bbox 572 5509 2170 5584">
     <span class='ocr_line' id='line_1_103' title="bbox 572 5509 2170 5584; baseline -0.001 -15"><span class='ocrx_word' id='word_1_696' title='bbox 572 5513 843 5584; x_wconf 77' lang='lat' dir='ltr'><strong>simplicia</strong></span> <span class='ocrx_word' id='word_1_697' title='bbox 865 5518 1010 5577; x_wconf 86' lang='lat' dir='ltr'><strong>sunt,</strong></span> <span class='ocrx_word' id='word_1_698' title='bbox 1069 5517 1123 5564; x_wconf 83' lang='lat' dir='ltr'><strong>et</strong></span> <span class='ocrx_word' id='word_1_699' title='bbox 1177 5509 1422 5565; x_wconf 88' lang='lat' dir='ltr'><strong>omnium</strong></span> <span class='ocrx_word' id='word_1_700' title='bbox 1452 5520 1830 5566; x_wconf 88' lang='lat' dir='ltr'><strong>creaturarum</strong></span> <span class='ocrx_word' id='word_1_701' title='bbox 1860 5513 2058 5583; x_wconf 83' lang='lat' dir='ltr'><strong>prima,</strong></span> <span class='ocrx_word' id='word_1_702' title='bbox 2090 5522 2170 5571; x_wconf 84' lang='lat' dir='ltr'><strong>to-</strong></span> 
     </span>
    </p>
   </div>
   <div class='ocr_carea' id='block_1_103' title="bbox 568 5598 2168 5674">
    <p class='ocr_par' dir='ltr' id='par_1_103' title="bbox 568 5598 2168 5674">
     <span class='ocr_line' id='line_1_104' title="bbox 568 5598 2168 5674; baseline 0.003 -20"><span class='ocrx_word' id='word_1_703' title='bbox 568 5601 786 5672; x_wconf 89' lang='lat' dir='ltr'><strong>tiusque</strong></span> <span class='ocrx_word' id='word_1_704' title='bbox 819 5601 901 5655; x_wconf 87' lang='lat' dir='ltr'><strong>rei</strong></span> <span class='ocrx_word' id='word_1_705' title='bbox 957 5598 1276 5670; x_wconf 77' lang='lat' dir='ltr'><strong>compositae</strong></span> <span class='ocrx_word' id='word_1_706' title='bbox 1330 5598 1491 5670; x_wconf 81' lang='lat' dir='ltr'><strong>origo</strong></span> <span class='ocrx_word' id='word_1_707' title='bbox 1549 5609 1603 5654; x_wconf 90' lang='lat' dir='ltr'><strong>et</strong></span> <span class='ocrx_word' id='word_1_708' title='bbox 1651 5616 1840 5669; x_wconf 88' lang='lat' dir='ltr'><strong>causa,</strong></span> <span class='ocrx_word' id='word_1_709' title='bbox 1871 5602 1940 5657; x_wconf 90' lang='lat' dir='ltr'><strong>de</strong></span> <span class='ocrx_word' id='word_1_710' title='bbox 1970 5604 2168 5674; x_wconf 89' lang='lat' dir='ltr'><strong>quibus</strong></span> 
     </span>
    </p>
   </div>
   <div class='ocr_carea' id='block_1_104' title="bbox 567 5686 2168 5760">
    <p class='ocr_par' dir='ltr' id='par_1_104' title="bbox 567 5686 2168 5760">
     <span class='ocr_line' id='line_1_105' title="bbox 567 5686 2168 5760; baseline 0.001 -14"><span class='ocrx_word' id='word_1_711' title='bbox 567 5690 844 5760; x_wconf 73' lang='lat' dir='ltr'><strong>gradatim</strong></span> <span class='ocrx_word' id='word_1_712' title='bbox 874 5687 1073 5744; x_wconf 77' lang='lat' dir='ltr'><strong>factum</strong></span> <span class='ocrx_word' id='word_1_713' title='bbox 1108 5695 1190 5741; x_wconf 87' lang='lat' dir='ltr'><strong>est</strong></span> <span class='ocrx_word' id='word_1_714' title='bbox 1246 5686 1667 5754; x_wconf 83' lang='lat' dir='ltr'><strong>ﬁrmamentum,</strong></span> <span class='ocrx_word' id='word_1_715' title='bbox 1727 5706 1853 5746; x_wconf 90' lang='lat' dir='ltr'><strong>cum</strong></span> <span class='ocrx_word' id='word_1_716' title='bbox 1911 5692 2168 5749; x_wconf 87' lang='lat' dir='ltr'><strong>omnibus</strong></span> 
     </span>
    </p>
   </div>
   <div class='ocr_carea' id='block_1_105' title="bbox 567 5774 1675 5848">
    <p class='ocr_par' dir='ltr' id='par_1_105' title="bbox 567 5774 1675 5848">
     <span class='ocr_line' id='line_1_106' title="bbox 567 5774 1675 5848; baseline -0.001 -15"><span class='ocrx_word' id='word_1_717' title='bbox 567 5793 707 5848; x_wconf 88' lang='lat' dir='ltr'><strong>quas</strong></span> <span class='ocrx_word' id='word_1_718' title='bbox 734 5776 984 5848; x_wconf 87' lang='lat' dir='ltr'><strong>possidet</strong></span> <span class='ocrx_word' id='word_1_719' title='bbox 1010 5774 1201 5831; x_wconf 75' lang='lat' dir='ltr'><strong>formis</strong></span> <span class='ocrx_word' id='word_1_720' title='bbox 1230 5786 1284 5830; x_wconf 90' lang='lat' dir='ltr'><strong>et</strong></span> <span class='ocrx_word' id='word_1_721' title='bbox 1312 5776 1675 5848; x_wconf 83' lang='lat' dir='ltr'><strong>imaginibus.</strong></span> 
     </span>
    </p>
   </div>
   <div class='ocr_carea' id='block_1_106' title="bbox 634 5862 2165 5958">
    <p class='ocr_par' dir='ltr' id='par_1_106' title="bbox 634 5862 2165 5958">
     <span class='ocr_line' id='line_1_107' title="bbox 634 5862 2165 5958; baseline 0.005 -37"><span class='ocrx_word' id='word_1_722' title='bbox 634 5868 889 5923; x_wconf 71' lang='lat' dir='ltr'><strong>Mersus.</strong></span> <span class='ocrx_word' id='word_1_723' title='bbox 926 5864 1014 5919; x_wconf 78' lang='lat' dir='ltr'><strong>Ex</strong></span> <span class='ocrx_word' id='word_1_724' title='bbox 1040 5862 1226 5924; x_wconf 84' lang='lat' dir='ltr'><strong>verbis</strong></span> <span class='ocrx_word' id='word_1_725' title='bbox 1257 5864 1364 5920; x_wconf 87' lang='lat' dir='ltr'><strong>tuis</strong></span> <span class='ocrx_word' id='word_1_726' title='bbox 1393 5864 1554 5923; x_wconf 79' lang='lat' dir='ltr'><strong>datur</strong></span> <span class='ocrx_word' id='word_1_727' title='bbox 1582 5866 1834 5940; x_wconf 84' lang='lat' dir='ltr'><strong>intelligi,</strong></span> <span class='ocrx_word' id='word_1_728' title='bbox 1856 5868 2165 5958; x_wconf 76' lang='lat' dir='ltr'><strong>firmamen-</strong></span> 
     </span>
    </p>
   </div>
   <div class='ocr_carea' id='block_1_107' title="bbox 2289 4667 3870 4755">
    <p class='ocr_par' dir='ltr' id='par_1_107' title="bbox 2289 4667 3870 4755">
     <span class='ocr_line' id='line_1_108' title="bbox 2289 4667 3870 4755; baseline 0.018 -36"><span class='ocrx_word' id='word_1_729' title='bbox 2289 4683 2411 4737; x_wconf 73' lang='lat' dir='ltr'><strong>qum</strong></span> <span class='ocrx_word' id='word_1_730' title='bbox 2442 4667 2510 4722; x_wconf 89' lang='lat' dir='ltr'><strong>sit</strong></span> <span class='ocrx_word' id='word_1_731' title='bbox 2538 4671 2812 4727; x_wconf 89' lang='lat' dir='ltr'><strong>contraria</strong></span> <span class='ocrx_word' id='word_1_732' title='bbox 2846 4675 3072 4730; x_wconf 89' lang='lat' dir='ltr'><strong>naturali</strong></span> <span class='ocrx_word' id='word_1_733' title='bbox 3128 4678 3245 4747; x_wconf 85' lang='lat' dir='ltr'><strong>ejus</strong></span> <span class='ocrx_word' id='word_1_734' title='bbox 3300 4680 3442 4740; x_wconf 91' lang='lat' dir='ltr'><strong>loco.</strong></span> <span class='ocrx_word' id='word_1_735' title='bbox 3491 4667 3651 4755; x_wconf 79' lang='lat' dir='ltr'><strong>Quod</strong></span> <span class='ocrx_word' id='word_1_736' title='bbox 3692 4690 3738 4747; x_wconf 91' lang='lat' dir='ltr'><strong>si</strong></span> <span class='ocrx_word' id='word_1_737' title='bbox 3793 4667 3870 4746; x_wconf 47' lang='lat' dir='ltr'><strong>in;</strong></span> 
     </span>
    </p>
   </div>
   <div class='ocr_carea' id='block_1_108' title="bbox 2285 4756 3869 4843">
    <p class='ocr_par' dir='ltr' id='par_1_108' title="bbox 2285 4756 3869 4843">
     <span class='ocr_line' id='line_1_109' title="bbox 2285 4756 3869 4843; baseline 0.016 -33"><span class='ocrx_word' id='word_1_738' title='bbox 2285 4764 2508 4811; x_wconf 88' lang='lat' dir='ltr'><strong>ventum</strong></span> <span class='ocrx_word' id='word_1_739' title='bbox 2537 4756 2697 4814; x_wconf 85' lang='lat' dir='ltr'><strong>fuerit</strong></span> <span class='ocrx_word' id='word_1_740' title='bbox 2726 4761 2797 4815; x_wconf 90' lang='lat' dir='ltr'><strong>ad</strong></span> <span class='ocrx_word' id='word_1_741' title='bbox 2827 4761 2987 4817; x_wconf 89' lang='lat' dir='ltr'><strong>aliam</strong></span> <span class='ocrx_word' id='word_1_742' title='bbox 3016 4774 3227 4836; x_wconf 84' lang='lat' dir='ltr'><strong>partem</strong></span> <span class='ocrx_word' id='word_1_743' title='bbox 3272 4770 3507 4843; x_wconf 88' lang='lat' dir='ltr'><strong>aliquam</strong></span> <span class='ocrx_word' id='word_1_744' title='bbox 3529 4774 3731 4835; x_wconf 85' lang='lat' dir='ltr'><strong>habere</strong></span> <span class='ocrx_word' id='word_1_745' title='bbox 3790 4782 3869 4836; x_wconf 58' lang='lat' dir='ltr'><strong>die</strong></span> 
     </span>
    </p>
   </div>
   <div class='ocr_carea' id='block_1_109' title="bbox 2286 4845 3867 4940">
    <p class='ocr_par' dir='ltr' id='par_1_109' title="bbox 2286 4845 3867 4940">
     <span class='ocr_line' id='line_1_110' title="bbox 2286 4845 3867 4940; baseline 0.018 -43"><span class='ocrx_word' id='word_1_746' title='bbox 2286 4845 2647 4913; x_wconf 90' lang='lat' dir='ltr'><strong>mensionem,</strong></span> <span class='ocrx_word' id='word_1_747' title='bbox 2684 4848 2886 4921; x_wconf 88' lang='lat' dir='ltr'><strong>aliquid</strong></span> <span class='ocrx_word' id='word_1_748' title='bbox 2918 4851 3111 4908; x_wconf 88' lang='lat' dir='ltr'><strong>horum</strong></span> <span class='ocrx_word' id='word_1_749' title='bbox 3139 4855 3373 4915; x_wconf 91' lang='lat' dir='ltr'><strong>duorum</strong></span> <span class='ocrx_word' id='word_1_750' title='bbox 3414 4871 3673 4920; x_wconf 84' lang='lat' dir='ltr'><strong>estcausa</strong></span> <span class='ocrx_word' id='word_1_751' title='bbox 3703 4884 3867 4940; x_wconf 83' lang='lat' dir='ltr'><strong>quare</strong></span> 
     </span>
    </p>
   </div>
   <div class='ocr_carea' id='block_1_110' title="bbox 2284 4933 3870 5027">
    <p class='ocr_par' dir='ltr' id='par_1_110' title="bbox 2284 4933 3870 5027">
     <span class='ocr_line' id='line_1_111' title="bbox 2284 4933 3870 5027; baseline 0.018 -40"><span class='ocrx_word' id='word_1_752' title='bbox 2284 4933 2339 4987; x_wconf 90' lang='lat' dir='ltr'><strong>id</strong></span> <span class='ocrx_word' id='word_1_753' title='bbox 2370 4934 2554 5005; x_wconf 85' lang='lat' dir='ltr'><strong>faciat,</strong></span> <span class='ocrx_word' id='word_1_754' title='bbox 2585 4937 2792 4994; x_wconf 85' lang='lat' dir='ltr'><strong>scilicet</strong></span> <span class='ocrx_word' id='word_1_755' title='bbox 2823 4939 2908 4995; x_wconf 90' lang='lat' dir='ltr'><strong>vel</strong></span> <span class='ocrx_word' id='word_1_756' title='bbox 2940 4942 3063 5012; x_wconf 89' lang='lat' dir='ltr'><strong>quia</strong></span> <span class='ocrx_word' id='word_1_757' title='bbox 3089 4945 3428 5005; x_wconf 87' lang='lat' dir='ltr'><strong>extrinsecus</strong></span> <span class='ocrx_word' id='word_1_758' title='bbox 3458 4961 3539 5008; x_wconf 88' lang='lat' dir='ltr'><strong>est</strong></span> <span class='ocrx_word' id='word_1_759' title='bbox 3592 4959 3870 5027; x_wconf 82' lang='lat' dir='ltr'><strong>composi-</strong></span> 
     </span>
    </p>
   </div>
   <div class='ocr_carea' id='block_1_111' title="bbox 2285 5026 3864 5114">
    <p class='ocr_par' dir='ltr' id='par_1_111' title="bbox 2285 5026 3864 5114">
     <span class='ocr_line' id='line_1_112' title="bbox 2285 5026 3864 5114; baseline 0.016 -38"><span class='ocrx_word' id='word_1_760' title='bbox 2285 5029 2417 5087; x_wconf 90' lang='lat' dir='ltr'><strong>tum,</strong></span> <span class='ocrx_word' id='word_1_761' title='bbox 2452 5033 2505 5078; x_wconf 93' lang='lat' dir='ltr'><strong>ut</strong></span> <span class='ocrx_word' id='word_1_762' title='bbox 2526 5026 2706 5096; x_wconf 89' lang='lat' dir='ltr'><strong>paries</strong></span> <span class='ocrx_word' id='word_1_763' title='bbox 2736 5043 2801 5082; x_wconf 87' lang='lat' dir='ltr'><strong>ex</strong></span> <span class='ocrx_word' id='word_1_764' title='bbox 2857 5033 3298 5101; x_wconf 90' lang='lat' dir='ltr'><strong>superpositione</strong></span> <span class='ocrx_word' id='word_1_765' title='bbox 3343 5037 3582 5109; x_wconf 89' lang='lat' dir='ltr'><strong>lapidum</strong></span> <span class='ocrx_word' id='word_1_766' title='bbox 3620 5026 3864 5114; x_wconf 82' lang='lat' dir='ltr'><strong>junctus,</strong></span> 
     </span>
    </p>
   </div>
   <div class='ocr_carea' id='block_1_112' title="bbox 2283 5110 3865 5204">
    <p class='ocr_par' dir='ltr' id='par_1_112' title="bbox 2283 5110 3865 5204">
     <span class='ocr_line' id='line_1_113' title="bbox 2283 5110 3865 5204; baseline 0.016 -39"><span class='ocrx_word' id='word_1_767' title='bbox 2283 5110 2369 5167; x_wconf 86' lang='lat' dir='ltr'><strong>vel</strong></span> <span class='ocrx_word' id='word_1_768' title='bbox 2397 5111 2753 5183; x_wconf 79' lang='lat' dir='ltr'><strong>intrinsecus,</strong></span> <span class='ocrx_word' id='word_1_769' title='bbox 2788 5124 2842 5171; x_wconf 89' lang='lat' dir='ltr'><strong>ut</strong></span> <span class='ocrx_word' id='word_1_770' title='bbox 2881 5119 3090 5174; x_wconf 82' lang='lat' dir='ltr'><strong>arboris</strong></span> <span class='ocrx_word' id='word_1_771' title='bbox 3118 5132 3301 5193; x_wconf 87' lang='lat' dir='ltr'><strong>partes</strong></span> <span class='ocrx_word' id='word_1_772' title='bbox 3357 5128 3426 5182; x_wconf 88' lang='lat' dir='ltr'><strong>ab</strong></span> <span class='ocrx_word' id='word_1_773' title='bbox 3453 5127 3638 5186; x_wconf 90' lang='lat' dir='ltr'><strong>intimo</strong></span> <span class='ocrx_word' id='word_1_774' title='bbox 3691 5136 3865 5204; x_wconf 83' lang='lat' dir='ltr'><strong>prod-</strong></span> 
     </span>
    </p>
   </div>
   <div class='ocr_carea' id='block_1_113' title="bbox 2282 5206 3864 5296">
    <p class='ocr_par' dir='ltr' id='par_1_113' title="bbox 2282 5206 3864 5296">
     <span class='ocr_line' id='line_1_114' title="bbox 2282 5206 3864 5296; baseline 0.016 -41"><span class='ocrx_word' id='word_1_775' title='bbox 2282 5210 2498 5269; x_wconf 86' lang='lat' dir='ltr'><strong>euntes,</strong></span> <span class='ocrx_word' id='word_1_776' title='bbox 2560 5221 2685 5259; x_wconf 87' lang='lat' dir='ltr'><strong>sese</strong></span> <span class='ocrx_word' id='word_1_777' title='bbox 2744 5206 2846 5262; x_wconf 89' lang='lat' dir='ltr'><strong>hac</strong></span> <span class='ocrx_word' id='word_1_778' title='bbox 2884 5207 3117 5281; x_wconf 87' lang='lat' dir='ltr'><strong>illacque</strong></span> <span class='ocrx_word' id='word_1_779' title='bbox 3144 5211 3465 5282; x_wconf 76' lang='lat' dir='ltr'><strong>diffundunt,</strong></span> <span class='ocrx_word' id='word_1_780' title='bbox 3526 5228 3579 5275; x_wconf 87' lang='lat' dir='ltr'><strong>et</strong></span> <span class='ocrx_word' id='word_1_781' title='bbox 3629 5221 3864 5296; x_wconf 86' lang='lat' dir='ltr'><strong>aliquam</strong></span> 
     </span>
    </p>
   </div>
   <div class='ocr_carea' id='block_1_114' title="bbox 2280 5289 3865 5384">
    <p class='ocr_par' dir='ltr' id='par_1_114' title="bbox 2280 5289 3865 5384">
     <span class='ocr_line' id='line_1_115' title="bbox 2280 5289 3865 5384; baseline 0.016 -39"><span class='ocrx_word' id='word_1_782' title='bbox 2280 5289 2676 5348; x_wconf 88' lang='lat' dir='ltr'><strong>dimensionem</strong></span> <span class='ocrx_word' id='word_1_783' title='bbox 2717 5296 3014 5367; x_wconf 89' lang='lat' dir='ltr'><strong>recipiunt.</strong></span> <span class='ocrx_word' id='word_1_784' title='bbox 3080 5299 3175 5354; x_wconf 84' lang='lat' dir='ltr'><strong>His</strong></span> <span class='ocrx_word' id='word_1_785' title='bbox 3224 5303 3383 5359; x_wconf 90' lang='lat' dir='ltr'><strong>datur</strong></span> <span class='ocrx_word' id='word_1_786' title='bbox 3430 5306 3657 5377; x_wconf 79' lang='lat' dir='ltr'><strong>intelligi</strong></span> <span class='ocrx_word' id='word_1_787' title='bbox 3720 5289 3865 5384; x_wconf 79' lang='lat' dir='ltr'><strong>quod</strong></span> 
     </span>
    </p>
   </div>
   <div class='ocr_carea' id='block_1_115' title="bbox 2280 5378 3864 5462">
    <p class='ocr_par' dir='ltr' id='par_1_115' title="bbox 2280 5378 3864 5462">
     <span class='ocr_line' id='line_1_116' title="bbox 2280 5378 3864 5462; baseline 0.015 -30"><span class='ocrx_word' id='word_1_788' title='bbox 2280 5378 2540 5450; x_wconf 90' lang='lat' dir='ltr'><strong>quidquid</strong></span> <span class='ocrx_word' id='word_1_789' title='bbox 2598 5382 2837 5454; x_wconf 89' lang='lat' dir='ltr'><strong>aliquam</strong></span> <span class='ocrx_word' id='word_1_790' title='bbox 2899 5384 3063 5440; x_wconf 87' lang='lat' dir='ltr'><strong>habet</strong></span> <span class='ocrx_word' id='word_1_791' title='bbox 3109 5387 3520 5462; x_wconf 86' lang='lat' dir='ltr'><strong>dimensionem,</strong></span> <span class='ocrx_word' id='word_1_792' title='bbox 3579 5397 3647 5451; x_wconf 92' lang='lat' dir='ltr'><strong>ad</strong></span> <span class='ocrx_word' id='word_1_793' title='bbox 3703 5378 3864 5455; x_wconf 81' lang='lat' dir='ltr'><strong>aliam</strong></span> 
     </span>
    </p>
   </div>
   <div class='ocr_carea' id='block_1_116' title="bbox 2278 5482 3859 5561">
    <p class='ocr_par' dir='ltr' id='par_1_116' title="bbox 2278 5482 3859 5561">
     <span class='ocr_line' id='line_1_117' title="bbox 2278 5482 3859 5561; baseline 0.015 -32"><span class='ocrx_word' id='word_1_794' title='bbox 2278 5485 2513 5547; x_wconf 86' lang='lat' dir='ltr'><strong>partem,</strong></span> <span class='ocrx_word' id='word_1_795' title='bbox 2541 5496 2662 5549; x_wconf 65' lang='lat' dir='ltr'><strong>quae</strong></span> <span class='ocrx_word' id='word_1_796' title='bbox 2702 5482 2934 5536; x_wconf 89' lang='lat' dir='ltr'><strong>naturali</strong></span> <span class='ocrx_word' id='word_1_797' title='bbox 2964 5482 3047 5538; x_wconf 90' lang='lat' dir='ltr'><strong>sui</strong></span> <span class='ocrx_word' id='word_1_798' title='bbox 3068 5493 3247 5540; x_wconf 90' lang='lat' dir='ltr'><strong>motus</strong></span> <span class='ocrx_word' id='word_1_799' title='bbox 3268 5488 3403 5557; x_wconf 90' lang='lat' dir='ltr'><strong>parti</strong></span> <span class='ocrx_word' id='word_1_800' title='bbox 3430 5494 3702 5547; x_wconf 81' lang='lat' dir='ltr'><strong>contraria</strong></span> <span class='ocrx_word' id='word_1_801' title='bbox 3757 5506 3859 5561; x_wconf 88' lang='lat' dir='ltr'><strong>est,</strong></span> 
     </span>
    </p>
   </div>
   <div class='ocr_carea' id='block_1_117' title="bbox 2278 5567 3858 5654">
    <p class='ocr_par' dir='ltr' id='par_1_117' title="bbox 2278 5567 3858 5654">
     <span class='ocr_line' id='line_1_118' title="bbox 2278 5567 3858 5654; baseline 0.015 -36"><span class='ocrx_word' id='word_1_802' title='bbox 2278 5567 2638 5636; x_wconf 86' lang='lat' dir='ltr'><strong>compositum</strong></span> <span class='ocrx_word' id='word_1_803' title='bbox 2671 5585 2817 5625; x_wconf 91' lang='lat' dir='ltr'><strong>esse.</strong></span> <span class='ocrx_word' id='word_1_804' title='bbox 2848 5571 2997 5642; x_wconf 86' lang='lat' dir='ltr'><strong>Ergo</strong></span> <span class='ocrx_word' id='word_1_805' title='bbox 3051 5582 3102 5628; x_wconf 89' lang='lat' dir='ltr'><strong>et</strong></span> <span class='ocrx_word' id='word_1_806' title='bbox 3152 5574 3575 5647; x_wconf 77' lang='lat' dir='ltr'><strong>ﬁrmamentum,</strong></span> <span class='ocrx_word' id='word_1_807' title='bbox 3608 5588 3858 5654; x_wconf 86' lang='lat' dir='ltr'><strong>quamvis</strong></span> 
     </span>
    </p>
   </div>
   <div class='ocr_carea' id='block_1_118' title="bbox 2273 5665 3332 5742">
    <p class='ocr_par' dir='ltr' id='par_1_118' title="bbox 2273 5665 3332 5742">
     <span class='ocr_line' id='line_1_119' title="bbox 2273 5665 3332 5742; baseline 0.008 -21"><span class='ocrx_word' id='word_1_808' title='bbox 2273 5680 2383 5721; x_wconf 87' lang='lat' dir='ltr'><strong>una</strong></span> <span class='ocrx_word' id='word_1_809' title='bbox 2402 5665 2707 5723; x_wconf 87' lang='lat' dir='ltr'><strong>substantia</strong></span> <span class='ocrx_word' id='word_1_810' title='bbox 2726 5668 2814 5737; x_wconf 91' lang='lat' dir='ltr'><strong>sit,</strong></span> <span class='ocrx_word' id='word_1_811' title='bbox 2845 5670 3208 5742; x_wconf 88' lang='lat' dir='ltr'><strong>compositum</strong></span> <span class='ocrx_word' id='word_1_812' title='bbox 3230 5682 3332 5731; x_wconf 88' lang='lat' dir='ltr'><strong>est.</strong></span> 
     </span>
    </p>
   </div>
   <div class='ocr_carea' id='block_1_119' title="bbox 2343 5787 3857 5865">
    <p class='ocr_par' dir='ltr' id='par_1_119' title="bbox 2343 5787 3857 5865">
     <span class='ocr_line' id='line_1_120' title="bbox 2343 5787 3857 5865; baseline 0.014 -24"><span class='ocrx_word' id='word_1_813' title='bbox 2343 5787 2597 5845; x_wconf 80' lang='lat' dir='ltr'><strong>Morsas.</strong></span> <span class='ocrx_word' id='word_1_814' title='bbox 2634 5789 2792 5848; x_wconf 83' lang='lat' dir='ltr'><strong>Ratio</strong></span> <span class='ocrx_word' id='word_1_815' title='bbox 2815 5791 2931 5862; x_wconf 84' lang='lat' dir='ltr'><strong>jam</strong></span> <span class='ocrx_word' id='word_1_816' title='bbox 2970 5791 3395 5865; x_wconf 79' lang='lat' dir='ltr'><strong>firmamentum,</strong></span> <span class='ocrx_word' id='word_1_817' title='bbox 3435 5813 3559 5855; x_wconf 89' lang='lat' dir='ltr'><strong>cum</strong></span> <span class='ocrx_word' id='word_1_818' title='bbox 3605 5803 3857 5861; x_wconf 82' lang='lat' dir='ltr'><strong>omnibus</strong></span> 
     </span>
    </p>
   </div>
   <div class='ocr_carea' id='block_1_120' title="bbox 2273 5879 3857 5960">
    <p class='ocr_par' dir='ltr' id='par_1_120' title="bbox 2273 5879 3857 5960">
     <span class='ocr_line' id='line_1_121' title="bbox 2273 5879 3857 5960; baseline 0.016 -31"><span class='ocrx_word' id='word_1_819' title='bbox 2273 5891 2395 5950; x_wconf 76' lang='lat' dir='ltr'><strong>quae</strong></span> <span class='ocrx_word' id='word_1_820' title='bbox 2422 5879 2685 5952; x_wconf 85' lang='lat' dir='ltr'><strong>possidet,</strong></span> <span class='ocrx_word' id='word_1_821' title='bbox 2714 5880 2995 5955; x_wconf 88' lang='lat' dir='ltr'><strong>perdocuit</strong></span> <span class='ocrx_word' id='word_1_822' title='bbox 3022 5899 3145 5939; x_wconf 79' lang='lat' dir='ltr'><strong>esse</strong></span> <span class='ocrx_word' id='word_1_823' title='bbox 3172 5886 3546 5959; x_wconf 85' lang='lat' dir='ltr'><strong>compositum.</strong></span> <span class='ocrx_word' id='word_1_824' title='bbox 3571 5889 3857 5960; x_wconf 86' lang='lat' dir='ltr'><strong>Quomodo</strong></span> 
     </span>
    </p>
   </div>
  </div>
