3966 6486
186 407 288 462 557

1674 405 1789 458 DIA
1800 403 1986 459 LOGI.

3370 407 3474 462 558

189 540 367 586 autem
397 533 448 585 in
482 547 547 586 eo
577 531 754 585 anima
793 529 1120 584 universalis
1173 537 1225 583 et
1271 528 1497 582 materia
1539 526 1776 582 inveniri
1802 529 1860 590 Α
1893 535 2016 581 sunt
2045 527 2099 581 in
2123 543 2188 582 eo
2219 528 2522 598 composuit
2552 535 2600 584 et
2632 529 2811 584 nullus
2849 529 2987 586 alius
3018 545 3194 584 rerum
3243 544 3474 602 compo-

183 621 378 692 possit,
417 621 688 693 quomodo
712 623 828 689 ipsa
861 621 968 673 sint
999 619 1194 688 simpla
1224 618 1432 672 nescio.

259 733 492 785 Parnus.
564 728 851 798 Quomodo
900 725 1301 781 firmamentum
1359 727 1643 796 probatum
1694 733 1774 779 est

187 836 309 874 esse
359 819 747 889 compositum,
800 817 1112 872 necessario
1162 816 1498 871 concluditur
1537 815 1773 884 aliquam

186 925 308 963 esse
364 907 644 962 materiam
678 908 746 960 de
788 922 889 976 qua
930 905 1289 974 compositum
1338 903 1426 967 sit,
1483 912 1536 957 ut
1579 904 1772 967 lectus,

185 998 343 1064 cujus
393 1005 475 1050 est
523 995 755 1049 materia
798 995 1024 1063 lignum,
1064 993 1149 1046 vel
1199 993 1466 1055 cultellus,
1515 992 1666 1058 cujus
1696 1000 1772 1044 est

185 1084 410 1139 materia
446 1084 668 1138 ferrum.
710 1083 863 1136 Ilano
902 1089 1079 1135 autem
1128 1081 1407 1134 materiam
1439 1078 1776 1133 firmamento

185 1174 525 1242 simpliorem
549 1187 671 1226 esse
696 1187 922 1225 necesse
953 1178 1052 1234 est,
1079 1169 1536 1241 quemadmodum
1568 1168 1775 1240 lignum

185 1262 349 1326 lecto,
385 1269 433 1316 et
469 1261 670 1316 ferrum
721 1259 944 1314 cultello
988 1258 1235 1326 simplius
1282 1267 1384 1311 est.
1415 1259 1481 1312 Et
1509 1256 1772 1328 quoniam

186 1351 364 1404 omnis
389 1349 618 1404 materia
650 1348 769 1419 ipso
800 1347 944 1418 quod
976 1347 1044 1401 de
1086 1362 1154 1400 ea
1185 1346 1385 1400 factum
1417 1353 1504 1400 est
1533 1345 1778 1415 simplior

186 1443 290 1500 est,
325 1455 425 1493 nec
458 1438 620 1492 habet
652 1437 704 1490 in
728 1453 786 1490 se
819 1435 1048 1490 formam
1080 1434 1164 1488 vel
1195 1434 1485 1506 imaginem
1519 1434 1599 1488 sui
1629 1450 1778 1489 com-

189 1527 372 1598 positi,
435 1535 578 1596 patet
620 1523 943 1578 firmamenti
991 1523 1275 1577 materiam
1329 1523 1528 1575 nullam
1578 1537 1778 1592 corpo-

187 1631 340 1670 ream
373 1614 425 1668 in
459 1632 520 1667 se
544 1615 770 1668 formam
793 1613 1019 1678 habere,
1051 1620 1104 1666 et
1133 1612 1254 1665 ideo
1276 1611 1494 1665 omnino
1527 1611 1776 1680 simplam

189 1719 338 1759 esse.
383 1703 540 1770 Quod
574 1703 618 1756 si
648 1702 891 1755 dicamus
948 1701 1000 1753 in
1059 1715 1124 1754 ea
1167 1700 1368 1769 aliquid
1417 1702 1779 1769 compositum

189 1819 330 1865 esse,
363 1801 527 1854 aliam
560 1814 682 1851 esse
703 1797 982 1851 materiam
1008 1795 1074 1850 de
1097 1810 1204 1865 qua
1233 1796 1536 1864 composita
1560 1795 1625 1848 sit
1657 1811 1780 1848 esse

189 1913 418 1953 necesse
449 1903 550 1959 est,
584 1912 705 1966 quae
737 1902 787 1947 et
811 1893 1058 1962 simplior
1079 1893 1165 1944 sit.
1187 1893 1291 1945 Sed
1326 1901 1376 1945 et
1412 1892 1558 1944 illam
1587 1891 1779 1946 dicen-
1816 1885 1860 1944 Β

188 1995 271 2040 tes
314 1987 688 2054 compositam,
753 1982 912 2035 aliam
963 1981 1254 2034 fatebimur
1297 1982 1632 2049 simpliorem
1683 1983 1783 2034 lia-

197 2074 332 2130 bcre
378 2073 684 2136 materiam,
739 2079 790 2125 et
841 2071 917 2124 sic
949 2070 1000 2122 in
1050 2067 1336 2122 infinitum.
1385 2069 1536 2136 Quod
1571 2070 1786 2122 utvite-

189 2181 335 2232 mus,
369 2179 594 2216 necesse
644 2168 729 2214 est
779 2167 835 2212 ut
887 2160 1168 2212 materiam
1203 2158 1346 2210 illam
1381 2159 1631 2227 simplam
1665 2174 1787 2212 esse

193 2253 484 2308 fateamur.
530 2250 675 2303 Ecce
724 2249 1011 2318 probatum
1063 2247 1193 2300 satis
1236 2256 1315 2300 est
1365 2246 1416 2300 in
1451 2245 1790 2300 firmamento

202 2343 504 2403 materiam,
539 2347 590 2392 et
618 2337 793 2407 ipsam
841 2335 1086 2406 simplam
1133 2351 1275 2389 esse.
1311 2337 1561 2388 Animam
1610 2344 1790 2389 autem

202 2431 255 2484 in
291 2430 484 2483 eodem
514 2427 696 2481 taliter
732 2425 1094 2486 inveniemus,
1145 2426 1271 2494 quia
1331 2424 1539 2478 scilicet
1599 2423 1792 2478 forma:

200 2519 309 2574 illm
344 2518 540 2589 quibus
571 2517 688 2586 ipsa
720 2514 945 2568 materia
978 2522 1059 2566 est
1092 2513 1400 2577 informata,
1438 2529 1544 2567 non
1574 2521 1794 2582 propter

203 2609 386 2662 solum
419 2605 665 2675 corporis
713 2603 1166 2672 complementum
1196 2601 1350 2656 facta;
1397 2612 1545 2656 sunt.
1586 2603 1794 2656 Formae

204 2705 352 2762 enim
384 2703 603 2758 duobus
637 2702 815 2755 modis
843 2701 1114 2754 dicuntur.
1142 2699 1283 2754 Alia:
1314 2699 1454 2753 enim
1479 2699 1652 2754 solum
1680 2715 1796 2753 cor-

206 2794 358 2866 poris
387 2792 681 2848 ostendunt
713 2789 1025 2854 terminum,
1082 2797 1139 2842 ut
1195 2788 1546 2860 triangulatio
1589 2787 1673 2841 vel
1705 2804 1796 2842 ro-

206 2883 468 2944 tunditas,
501 2881 587 2934 vel
613 2881 867 2950 quaelibet
897 2878 1001 2931 alia
1031 2877 1244 2949 ﬁgura;
1279 2877 1330 2930 in
1363 2877 1538 2946 lapide
1569 2878 1637 2931 ad
1669 2876 1798 2930 nihil

209 2981 313 3035 alia
347 2979 544 3042 valent,
582 2977 684 3030 nisi
718 2977 864 3048 quod
909 2975 1080 3046 ipsius
1127 2975 1376 3045 corporis
1419 2973 1647 3045 figuram
1679 2973 1799 3028 eﬂi-

203 3070 371 3125 ciunt.
424 3068 560 3122 Alia:
587 3082 721 3121 vero
763 3073 816 3119 et
870 3080 1067 3135 corpus
1109 3064 1393 3118 informant
1424 3074 1474 3117 et
1503 3064 1568 3117 ad
1605 3079 1800 3134 quam-

207 3167 330 3222 dam
364 3165 648 3220 utilitatem
685 3171 874 3217 natura
906 3171 1136 3234 cogente
1169 3162 1377 3216 habiles
1407 3162 1558 3217 facta:
1605 3161 1798 3215 viden-

207 3265 310 3322 tur,
336 3263 393 3310 ut
425 3255 572 3308 auris
605 3254 775 3307 forma
809 3253 876 3306 ad
926 3250 1279 3315 audiendum,
1313 3251 1454 3306 oculi
1488 3251 1556 3305 ad
1603 3251 1796 3303 viden-

207 3342 359 3402 dum,
388 3348 440 3392 et
471 3338 705 3410 singula:
762 3337 989 3391 aliorum
1039 3337 1407 3390 membrorum
1441 3337 1625 3390 forma}
1661 3343 1798 3404 apta!

206 3438 333 3484 sunt
366 3429 432 3482 ad
466 3444 626 3482 suum
662 3425 923 3481 officium.
964 3428 1096 3479 Item
1126 3425 1301 3479 forma
1330 3425 1531 3479 cultelli
1561 3425 1629 3478 ad
1662 3423 1796 3478 inci-

203 3525 469 3590 dendum,
505 3539 672 3578 serra:
701 3523 766 3576 ad
801 3522 1144 3584 serrandum,
1181 3521 1334 3574 rastri
1359 3537 1573 3591 quoque
1604 3520 1798 3574 habilis

200 3624 287 3671 est
315 3614 383 3669 ad
413 3612 750 3667 fodiendum.
804 3613 870 3664 Et
901 3611 1154 3680 quoniam
1187 3609 1416 3664 materia
1447 3610 1629 3663 varias
1651 3609 1702 3662 in
1735 3625 1798 3664 se

203 3727 346 3783 quas
397 3725 671 3779 nunquam
720 3708 987 3760 habuerat
1044 3707 1254 3761 noviler
1296 3707 1494 3760 formas
1534 3705 1792 3775 suscepit,

199 3809 416 3855 constat
447 3799 575 3869 quia
600 3814 690 3850 eas
730 3813 836 3850 non
877 3811 946 3849 ex
978 3813 1057 3859 se,
1091 3796 1186 3848 sed
1218 3796 1440 3849 alterius
1478 3794 1567 3848 rei
1598 3796 1794 3861 adjun-

198 3891 380 3946 ctione
412 3904 531 3956 quae
573 3896 625 3940 et
675 3886 855 3955 potior
887 3894 938 3938 et
971 3884 1214 3954 simplior
1263 3886 1329 3937 sit
1357 3884 1559 3950 habuit,
1593 3899 1712 3954 quae
1742 3884 1795 3936 in

199 3994 264 4033 se
296 3979 538 4032 diversas
571 3984 622 4028 et
673 3976 876 4029 formas
931 3981 984 4027 ct
1039 3974 1307 4044 imagines
1356 3973 1497 4037 fecit,
1557 3973 1794 4026 maxime

198 4092 324 4132 cum
356 4075 504 4128 nulla
535 4076 840 4128 necessitas
872 4080 1034 4135 esset,
1097 4081 1153 4124 ut
1215 4073 1346 4124 tales
1403 4071 1455 4124 in
1505 4087 1569 4124 ea
1603 4070 1794 4124 tierent

201 4165 398 4219 formae
430 4163 514 4217 vel
542 4161 836 4232 imagines.
896 4160 1002 4214 Sed
1050 4161 1151 4214 hoc
1203 4161 1378 4231 magis
1426 4177 1489 4214 ex
1519 4160 1794 4214 desiderio

201 4263 407 4317 factum
438 4269 520 4315 est
551 4260 747 4314 animm
776 4273 788 4312 :
821 4274 943 4329 quae
1001 4257 1168 4312 voluit
1222 4258 1561 4312 commisceri
1593 4257 1686 4311 tali
1714 4256 1793 4311 rei

201 4359 294 4417 cui
322 4374 595 4430 nunquam
662 4357 832 4411 fuerat
886 4356 1165 4410 commista
1225 4356 1384 4410 simul
1440 4364 1490 4410 ct
1533 4354 1796 4426 congluti-

198 4456 348 4513 nata,
382 4465 444 4503 ex
470 4462 612 4501 nova
640 4445 1022 4500 commistione
1052 4446 1211 4499 novis
1240 4454 1322 4500 est
1358 4445 1580 4499 materia
1603 4445 1793 4498 formis

197 4547 506 4604 informata.
539 4544 807 4613 Quoniam
839 4543 1005 4614 igitur
1035 4543 1435 4599 firmamentum
1468 4560 1590 4599 cum
1621 4541 1792 4598 omni-

201 4638 307 4691 bus
336 4651 454 4706 qua:
480 4633 725 4704 possidet
743 4632 1099 4702 compositum
1123 4633 1418 4687 secundum
1443 4631 1796 4702 philOSOphos

201 4741 314 4781 non
362 4723 665 4788 dubitatur,
715 4736 943 4775 necesse
987 4729 1070 4774 est
1118 4728 1173 4774 ut
1222 4721 1544 4791 principium
1596 4720 1798 4774 habere

201 4823 486 4880 credatur.
531 4819 707 4874 Omne
759 4818 901 4872 enim
956 4818 1318 4887 compositum
1363 4818 1581 4890 aliquod
1633 4817 1800 4870 habet

200 4919 553 4994 principium.
597 4917 710 4972 Hoc
749 4917 912 4988 igitur
960 4917 1123 4970 modo
1181 4924 1327 4987 patet
1373 4918 1634 4970 mundum
1676 4932 1799 4970 esse

201 5018 472 5066 creatum.
549 5007 723 5061 Omne
780 5014 958 5058 autem
1012 5007 1371 5075 compositum
1429 5022 1656 5060 necesse
1716 5013 1798 5059 est

201 5099 631 5169 compositorem
662 5095 883 5148 habere.
914 5095 1102 5164 Neque
1132 5095 1272 5149 enim
1304 5095 1504 5165 aliquid
1533 5110 1592 5148 se
1623 5096 1794 5164 ipsum

203 5205 388 5268 potest
415 5209 776 5264 componere,
809 5192 1112 5260 eodemque
1154 5193 1316 5246 modo
1364 5209 1524 5247 omne
1556 5200 1791 5248 creatum

205 5303 511 5352 creatorem
546 5294 752 5345 habere
784 5306 1010 5345 necesse
1043 5298 1148 5344 est.
1187 5291 1332 5344 Nihil
1378 5292 1520 5344 enim
1555 5291 1796 5361 seipsum

206 5400 387 5464 potest
408 5406 626 5444 creare.
651 5389 965 5442 Creatorem
998 5388 1162 5460 igitur
1193 5387 1378 5442 mundi
1410 5387 1496 5458 qui
1532 5389 1677 5442 Deus
1711 5388 1798 5442 di-

209 5480 358 5538 citur
388 5495 512 5534 esse
543 5493 771 5532 necesse
803 5484 904 5531 est.

283 5601 536 5655 Morsas.
575 5599 940 5653 Adversarius
981 5599 1146 5672 igitur
1189 5600 1437 5658 insistere
1463 5605 1682 5674 poterit,
1715 5605 1804 5660 di-

213 5707 346 5749 cens
393 5687 814 5758 compositorem
865 5689 1026 5743 istum
1073 5690 1182 5745 vim
1231 5692 1558 5747 universalis
1608 5693 1804 5749 animae

216 5797 358 5843 esse,
379 5794 499 5850 quae
521 5777 730 5832 scilicet
753 5776 833 5831 vis
855 5784 1050 5832 natura
1070 5789 1312 5835 vocatur.
1367 5780 1519 5850 Quae,
1557 5783 1799 5853 inquam,

214 5881 407 5938 anima
435 5875 679 5931 materia:
703 5874 915 5947 juncta,
956 5873 1358 5936 firmamentum
1389 5888 1441 5936 et
1470 5881 1653 5936 omnia
1684 5899 1805 5954 qua:

1885 625 2018 678 sitor
2045 633 2137 679 aut
2167 634 2379 681 creator
2409 633 2517 680 est.

1958 727 2196 781 Parens.
2229 726 2384 795 Quod
2417 727 2574 796 dicis,
2619 737 2760 783 stare
2802 744 2910 784 non
2958 737 3161 799 potest.
3201 728 3469 798 Quoniam

1884 816 2026 870 enim
2075 816 2324 870 videmus
2382 816 2583 870 formas
2642 817 2840 888 quibus
2893 817 3124 873 materia
3179 818 3472 874 informata

1885 913 1986 971 est,
2013 905 2192 958 varias
2225 913 2276 960 et
2307 906 2376 960 ad
2409 907 2586 960 varios
2617 924 2746 960 usus
2796 907 3009 962 habiles
3053 923 3195 974 esse,
3226 915 3471 962 naturam

1884 1003 2084 1073 ipsam,
2135 1005 2290 1073 cujus
2341 1003 2667 1058 admistionc
2735 1013 2789 1058 et
2838 1005 3081 1074 potentia
3145 1004 3298 1061 factm
3345 1022 3448 1060 sun

1885 1093 2092 1154 formae,
2125 1099 2336 1147 constat
2379 1108 2486 1147 non
2536 1093 2758 1148 omnino
2791 1091 2974 1148 laxum
3011 1093 3112 1149 sed
3159 1093 3470 1150 restrictum

1885 1180 2288 1253 quodammodo
2346 1196 2507 1250 posse
2563 1182 2793 1237 habere.
2828 1182 2942 1236 Sed
2991 1184 3131 1238 hanc
3159 1183 3466 1239 restrictam

1887 1281 2150 1332 naturam
2201 1277 2566 1332 restrictorem
2606 1277 2864 1346 aliquem,
2906 1277 2998 1350 qui
3043 1287 3226 1336 tamen
3253 1292 3288 1334 a
3321 1278 3472 1336 nullo

1889 1373 2250 1444 restringatur
2281 1374 2482 1429 habere
2512 1391 2739 1430 necesse
2769 1383 2878 1431 est.

1959 1463 2202 1517 Movsas.
2238 1463 2626 1517 Restrictorem
2669 1463 2829 1518 istum
2863 1463 3096 1519 animum
3144 1463 3320 1536 ipsam
3351 1481 3475 1522 esse

1888 1551 2212 1620 respondeo,
2272 1567 2394 1621 qua:
2421 1551 2527 1606 vim
2573 1567 2749 1619 suam,
2800 1560 2960 1623 prout
3015 1553 3192 1620 libuit,
3253 1554 3355 1608 sibi
3386 1570 3475 1610 re-

1889 1640 2126 1694 strinxit.

1961 1746 2202 1800 Parnus.
2257 1744 2437 1816 Opera
2485 1746 2610 1801 talia
2667 1763 2793 1803 esse
2851 1747 3045 1804 anima:
3075 1764 3183 1804 non
3227 1756 3474 1820 possunt,

1893 1843 1988 1897 sed
2023 1843 2144 1896 talis
2179 1843 2421 1908 factoris,
2456 1845 2545 1914 qui
2580 1861 2680 1914 per
2703 1861 2760 1900 se
2793 1847 3067 1915 perfectus
3091 1847 3159 1900 sit
3189 1846 3476 1917 sapientia.

1896 1931 2096 1983 Anima
2129 1936 2309 1984 autem
2342 1930 2641 2000 perfectam
2675 1949 2786 1987 non
2819 1934 2978 1988 habet
3000 1933 3346 2004 sapientiam.

1967 2021 2208 2074 Mersus.
2244 2019 2362 2081 Qua
2381 2020 2585 2074 ratione
2616 2029 2770 2091 potes
2800 2031 3100 2077 monstrare
3131 2023 3275 2094 quod
3304 2024 3483 2078 anima

1897 2109 2194 2179 perfectam
2227 2125 2332 2162 non
2363 2109 2527 2163 habet
2549 2110 2864 2180 sapientiam
2891 2114 2917 2164 ἱ)

1971 2196 2222 2251 Ρετιπιυε.
2258 2197 2397 2265 Quia
2427 2215 2489 2251 ex
2523 2214 2627 2268 quo
2656 2199 2837 2253 anima
2887 2199 3172 2254 commista
3199 2209 3282 2255 est
3307 2208 3484 2256 mate-

1901 2294 2015 2361 riae,
2067 2303 2119 2349 et
2168 2295 2394 2348 materia
2442 2304 2525 2350 est
2560 2297 2756 2352 anima:
2797 2297 3162 2368 incorporata,
3210 2315 3486 2371 nunquam

1902 2393 2087 2454 postea
2133 2384 2384 2437 dolorum
2440 2384 2810 2441 vicissitudine
2847 2395 2898 2440 et
2945 2387 3277 2457 voluptatum
3317 2389 3491 2444 caruit

1901 2473 2100 2526 anima.
2163 2473 2320 2526 Nulla
2370 2473 2570 2544 quippe
2612 2475 2865 2545 voluptas
2925 2475 3122 2542 oritur,
3173 2476 3277 2530 nisi
3331 2477 3493 2534 dolor

1903 2571 2258 2640 praecesserit,
2294 2578 2350 2623 ut
2403 2587 2566 2626 nemo
2623 2588 2859 2642 unquam
2891 2572 3188 2627 delectatur
3231 2573 3488 2638 bibendo,

1902 2659 2004 2712 nisi
2039 2659 2186 2730 qrius
2217 2659 2448 2714 doluerit
2477 2659 2732 2723 sitiendo,
2763 2676 2924 2714 nemo
2971 2661 3277 2716 delectatur
3305 2677 3494 2718 come-

1905 2749 2100 2812 stione,
2133 2747 2236 2800 nisi
2271 2748 2612 2818 praecesserit
2655 2748 2816 2803 dolor
2845 2749 2900 2802 in
2935 2748 3096 2815 fame,
3129 2757 3220 2804 aut
3249 2751 3410 2806 etiam
3440 2751 3495 2805 in

1908 2837 2112 2908 requie,
2146 2837 2251 2891 nisi
2284 2845 2406 2892 ante
2466 2837 2700 2892 doluerit
2731 2854 2794 2893 ex
2844 2838 3053 2894 labore.
3099 2838 3205 2894 Sed
3237 2848 3291 2894 et
3335 2841 3415 2896 sic
3444 2842 3500 2895 in

1908 2925 2120 2982 cunctis
2173 2924 2476 2980 affectibus.
2527 2926 2679 2982 Ratio
2709 2935 2887 2981 autem
2923 2942 3188 2998 corporea
3217 2944 3276 2983 se
3306 2937 3500 2984 conta-

1909 3015 2072 3086 gione
2113 3015 2413 3076 denudans,
2456 3023 2509 3069 et
2549 3031 2608 3069 se
2647 3015 2820 3085 ipsam
2878 3032 3065 3086 puram
3115 3017 3498 3085 considerans,

1911 3112 2203 3182 perpendit
2251 3111 2381 3164 illud
2432 3111 2573 3182 quod
2605 3112 2740 3165 nihil
2787 3112 2950 3166 sentit
2978 3113 3172 3167 melius
3199 3122 3252 3168 et
3280 3113 3500 3186 dignius

1832 3236 1879 3298 Ο
1912 3217 2034 3256 esse
2064 3216 2130 3254 eo
2161 3201 2302 3270 quod
2325 3207 2400 3254 tot
2429 3199 2766 3254 diversarum
2791 3201 3100 3270 passionum
3125 3202 3500 3258 accidentibus

1911 3305 2017 3344 non
2053 3289 2319 3356 subjacet.
2353 3289 2580 3343 Constat
2608 3289 2772 3360 igitur
2799 3289 3030 3342 animam
3063 3306 3170 3344 non
3201 3290 3498 3360 perfectam

1908 3379 2110 3432 habere
2167 3377 2517 3448 sapientiam.
2586 3378 2703 3432 Alia
2739 3378 2864 3431 item
2897 3378 2964 3432 de
3007 3379 3198 3433 eadem
3227 3397 3285 3434 re
3317 3385 3500 3450 potest

1907 3477 2026 3530 dari
2057 3475 2214 3539 ratio,
2241 3475 2385 3546 quod
2425 3475 2628 3530 scilicet
2651 3475 2850 3537 anima.
2888 3491 3011 3531 cum
3041 3476 3303 3532 rationem
3328 3481 3494 3548 exuit,

1905 3565 2085 3619 statim
2130 3564 2411 3628 luxuriam,
2455 3563 2618 3630 farta,
2663 3564 2970 3626 homicidia,
3006 3573 3058 3619 et
3098 3575 3291 3621 cmtera
3321 3567 3498 3639 diligit

1905 3655 2052 3718 vitia,
2107 3670 2226 3724 qua:
2264 3654 2523 3723 perfecta:
2572 3653 2796 3708 rationis
2839 3662 3160 3708 exsecratur
3187 3657 3491 3727 sapientia;

1906 3751 2048 3805 unde
2088 3751 2282 3804 iterum
2326 3750 2552 3804 evidens
2588 3758 2668 3804 est
2716 3750 3085 3820 imperfectam
3139 3769 3260 3807 esse
3300 3755 3496 3812 anima:

1904 3850 2243 3919 sapientiam.
2283 3849 2566 3904 Probatuni
2619 3848 2783 3921 igitur
2813 3851 2944 3903 satis
2973 3859 3053 3904 est
3086 3850 3190 3904 illis
3219 3854 3309 3923 qui
3341 3854 3496 3909 Scri-

1904 3939 2074 4007 pturis
2104 3954 2209 3991 non
2243 3937 2485 4001 credunt,
2535 3937 2700 3990 alium
2735 3954 2856 3992 esse
2889 3937 3169 4004 factorem,
3203 3941 3362 4010 cujus
3395 3960 3498 4014 per

1903 4050 1960 4088 se
1988 4033 2224 4104 perfecta
2270 4033 2341 4088 sit
2390 4032 2652 4102 sapienta,
2711 4034 2844 4088 sicut
2898 4041 3043 4104 patet
3083 4052 3182 4104 per
3220 4037 3489 4095 rationem

1901 4134 2059 4186 nobis
2089 4133 2156 4185 ab
2187 4148 2254 4186 eo
2285 4131 2593 4185 attributam
2646 4147 2817 4200 opera
2865 4135 3056 4186 animm
3087 4134 3203 4188 sine
3243 4135 3367 4206 ipsa
3398 4154 3492 4193 ra-

1903 4231 2045 4284 tione
2079 4246 2200 4284 csse
2235 4229 2426 4283 vitiosa
2458 4237 2509 4283 et
2541 4229 2942 4300 quodammodo
2974 4231 3168 4302 turpia.
3193 4233 3496 4308 Consequi-

1903 4327 1986 4373 tur
2017 4335 2150 4390 ergo
2183 4318 2335 4371 illum
2367 4335 2466 4388 per
2514 4335 2674 4390 quem
2713 4319 2977 4373 rationem
3021 4321 3352 4391 accepimus,
3384 4342 3494 4381 non

1899 4408 2156 4470 animam,
2189 4406 2288 4462 sed
2318 4407 2482 4460 alium
2515 4423 2656 4466 esse.
2715 4407 2966 4477 quoniam
3001 4408 3114 4462 ﬁeri
3146 4413 3330 4483 nequit
3360 4423 3418 4468 ut
3446 4417 3495 4470 is

1901 4495 1991 4566 qui
2018 4511 2134 4549 rem
2163 4495 2396 4565 aliquam
2429 4493 2708 4559 abhorret,
2745 4495 2828 4548 vel
2878 4506 3220 4568 exsecratur,
3255 4515 3376 4554 eam
3407 4502 3494 4557 fa-

1825 4598 1875 4658 D
1906 4599 2032 4638 cere
2064 4582 2216 4637 velit.
2261 4583 2512 4652 Sequitur
2543 4599 2758 4654 quoque
2788 4599 2856 4638 ex
2883 4586 2987 4638 hoc
3023 4585 3257 4641 animam
3285 4588 3498 4660 imper-

1908 4671 2079 4736 fectae,
2104 4672 2345 4725 datorem
2371 4687 2501 4725 vero
2522 4671 2748 4726 rationis
2772 4671 3028 4742 perfecta:
3048 4689 3170 4730 esse
3192 4678 3493 4747 sapientiae.

1907 4761 2150 4830 Cumque
2174 4761 2314 4814 ratio
2345 4769 2601 4829 operetur
2647 4760 2702 4813 in
2733 4760 2938 4827 anima,
2982 4766 3298 4820 necessario
3339 4767 3500 4824 dator

1906 4849 2134 4903 rationis
2170 4848 2330 4902 factor
2365 4855 2446 4902 est
2495 4849 2706 4904 animm.
2739 4848 2893 4918 Quod
2926 4866 3048 4904 cum
3085 4851 3172 4916 sit,
3209 4861 3262 4908 et
3292 4856 3492 4927 anima,

1906 4955 1963 5000 ut
1995 4947 2246 5016 superius
2275 4945 2558 5015 probatum
2590 4954 2691 5009 est,
2725 4945 2777 4999 in
2807 4947 3030 5000 materia
3059 4950 3238 5004 omnia
3267 4967 3497 5024 compo-

1907 5036 2010 5089 sita
2050 5035 2385 5097 formaverit,
2437 5035 2688 5089 concludi
2731 5035 3101 5090 indubitanter
3144 5047 3322 5108 potest
3353 5045 3499 5112 quod

1907 5133 1996 5204 qui
2028 5133 2294 5187 rationem
2329 5131 2495 5192 dedit,
2529 5140 2581 5185 et
2603 5133 2784 5186 omnia
2818 5132 2960 5201 fecit,
2985 5141 3035 5188 et
3057 5137 3302 5192 omnium
3334 5156 3503 5198 causa

1908 5223 2120 5278 existit.
2165 5222 2234 5274 Et
2266 5223 2380 5276 hinc
2411 5222 2630 5291 quidem
2684 5222 2753 5276 de
2784 5223 2966 5276 anima
2998 5227 3280 5292 sententia,
3316 5231 3502 5301 utique

1909 5329 1990 5376 est
2024 5321 2427 5391 philosorihica.
2467 5319 2660 5373 Dicunt
2697 5321 2839 5374 enim
2877 5319 3184 5391 philosophi
3223 5326 3370 5394 quod
3408 5345 3503 5383 ra-

1909 5419 2126 5475 tionalis
2157 5419 2338 5474 anima
2359 5417 2606 5488 procedit
2635 5417 2702 5472 de
2733 5418 3060 5472 universali.
3097 5421 3267 5477 Judaei
3289 5436 3504 5495 autem,

1909 5518 1970 5562 ut
1998 5507 2165 5573 nosti,
2225 5523 2418 5561 omnes
2474 5505 2683 5560 animas
2739 5506 2793 5560 in
2824 5507 3010 5560 mundi
3039 5509 3315 5580 principio
3347 5513 3510 5572 simul

1912 5613 2164 5663 asserunt
2207 5621 2330 5660 esse
2373 5612 2605 5672 creatas,
2639 5611 2691 5658 et
2721 5605 2774 5659 in
2808 5604 2931 5660 loco
2979 5621 3087 5661 uno
3135 5609 3424 5682 repositas,
3460 5621 3515 5670 et

1914 5721 2198 5777 quousque
2228 5704 2645 5774 incorporentur
2671 5718 2862 5759 omnes
2898 5719 3005 5759 non
3037 5721 3163 5761 esse
3194 5707 3339 5764 diem
3372 5727 3512 5766 ven-

1913 5803 2093 5849 turum
2150 5793 2363 5863 judicii,
2414 5799 2471 5848 et
2519 5807 2584 5847 ex
2634 5807 2742 5862 quo
2791 5792 3285 5864 incorporabuutur
3332 5801 3517 5855 statim

1917 5883 2208 5956 provenire
2246 5881 2410 5938 ﬁnem
2467 5881 2680 5936 mundi.
2742 5881 3034 5938 Christiani
3074 5900 3202 5941 vero
3259 5894 3520 5944 astruunt
