3966 6416
579 379 681 465 539

1511 404 1712 459 parm
1754 402 2099 458 ALPHONSI
2137 388 2241 461 Ex
2274 402 2518 460 magno
2559 402 2959 461 CHRISTIANI

3791 406 3887 465 569

576 547 753 590 novas
785 528 1021 603 quotidie
1047 528 1258 584 animas
1287 527 1587 599 procreari,
1621 526 1981 599 formastique
2011 526 2165 582 novis
2194 530 2254 592 Α
2286 529 2442 584 niens
2474 528 2563 597 sit,
2594 530 2869 586 neminem
2901 530 3060 587 latet.
3100 531 3300 587 Iterum
3336 547 3459 589 cum
3488 533 3722 590 materia
3764 552 3881 605 quae

576 623 631 679 in
671 629 860 678 ventre
904 618 1222 690 corporibus
1264 616 1490 674 infundi.
1549 616 1820 688 Quidquid
1869 624 2051 672 autem
2096 617 2166 673 de

573 721 749 777 anima
778 719 1003 775 credere
1051 716 1243 790 eligas,
1276 715 1464 787 procul
1516 714 1703 781 dubio,
1735 722 1793 770 ut
1818 714 2018 770 dictum
2060 723 2160 783 est,

573 811 664 884 qui
711 808 977 865 rationem
1024 806 1194 871 dedit,
1240 804 1420 860 omnia
1468 803 1595 860 fecit
1640 811 1692 859 et
1729 804 1969 859 omnium
2000 819 2163 860 causa

569 909 764 966 existit.
784 904 1011 977 Oportet
1030 912 1213 958 autem
1225 904 1369 959 hunc
1391 902 1727 970 Creatorem,
1744 902 1836 974 qui
1856 903 2161 973 perfectam

563 998 731 1053 habet
760 994 1103 1066 sapientiam,
1130 1000 1396 1047 mternum
1418 991 1676 1059 existere,
1698 999 1750 1047 et
1779 1007 1881 1047 nec
1910 999 2157 1047 creatum

562 1102 662 1142 nec
690 1100 893 1140 novum
915 1098 1058 1147 esse,
1079 1081 1363 1154 quoniam,
1383 1080 1428 1135 si
1450 1080 1539 1135 hic
1561 1084 1653 1135 aut
1670 1088 1884 1135 creatus
1902 1081 2160 1137 credatur

560 1182 650 1232 aut
680 1189 873 1241 novus,
925 1172 1094 1227 alium
1124 1170 1311 1242 utique
1340 1178 1647 1225 creatorem
1680 1183 1911 1225 necesse
1942 1176 2025 1224 est
2052 1170 2153 1223 ha-

558 1267 684 1322 beat
730 1271 817 1318 aut
858 1269 1197 1317 novatorem.
1244 1257 1392 1313 Nihil
1430 1258 1575 1313 enim
1606 1274 1666 1313 se
1696 1274 1936 1329 unquam
1965 1274 2156 1314 creare

557 1363 647 1411 aut
673 1367 873 1409 novare
913 1351 1129 1422 poterit,
1174 1356 1228 1404 et
1256 1349 1337 1403 sic
1365 1356 1676 1403 creatorum
1704 1355 1803 1401 aut
1832 1355 2152 1403 novatorum

555 1459 820 1501 numerus
848 1440 956 1495 ﬁne
988 1439 1218 1495 carebit.
1258 1438 1578 1492 Factoribus
1608 1444 1788 1491 autem
1821 1434 1926 1491 ﬁne
1957 1452 2151 1492 caren-

553 1535 717 1599 tibus,
752 1534 955 1587 factura
987 1543 1205 1601 quoque
1227 1541 1506 1598 nunquam
1532 1527 1604 1581 ad
1625 1534 1834 1581 certum
1856 1526 2150 1581 terminum

553 1632 866 1706 perveniet.
929 1628 1277 1685 Credendum
1309 1641 1440 1697 ergo
1479 1633 1561 1681 est
1587 1626 1823 1697 primum
1869 1624 2147 1691 factorem,

550 1738 655 1780 nec
682 1730 926 1778 creatum
942 1734 1066 1774 esse
1083 1732 1186 1773 nec
1204 1725 1486 1784 novatum,
1510 1715 1608 1769 sed
1638 1714 1955 1770 necessario
1982 1723 2149 1769 aeter-

549 1828 702 1869 num.
734 1811 1010 1865 Praeterea
1040 1823 1149 1862 non
1180 1808 1569 1876 compositum,
1590 1804 1687 1859 sed
1709 1803 2010 1874 simplicem
2031 1819 2147 1859 cre-

2275 627 2456 674 creata
2486 628 2567 675 est
2597 620 2802 674 nullam
2834 620 2885 674 in
2911 636 2970 675 se
2988 620 3183 675 habeat
3204 620 3428 676 formam
3447 622 3534 677 vel
3552 622 3872 695 imaginem,

2272 707 2442 763 multo
2472 708 2653 763 minus
2702 709 2850 763 Deus
2880 707 3047 780 ipsius
3077 718 3301 777 naturae,
3336 710 3581 779 Creator,
3614 711 3708 783 qui
3738 711 3871 766 sim-

2269 803 2460 877 plioris
2490 812 2543 861 et
2573 804 2875 861 subtilioris
2923 814 3006 862 est
3034 815 3241 864 natura:
3282 806 3445 863 ullam
3476 806 3761 881 putandus
3791 816 3871 863 est

2271 894 2478 950 habere
2512 894 2949 949 similitudinem.
2993 896 3322 951 Promissum
3352 912 3487 969 ergo
3506 898 3863 968 complentes,

2269 986 2445 1046 Deum
2495 991 2697 1045 nullam
2728 992 2933 1048 habere
2965 992 3394 1057 similitudinem,
3427 993 3626 1064 lucide,
3657 1001 3714 1049 ut
3742 994 3865 1065 cpi-

2280 1096 2401 1146 nor,
2433 1097 2533 1153 per
2554 1081 2817 1136 rationem
2848 1082 3225 1153 probavimus.

2336 1179 2592 1235 ltlorsas.
2653 1178 2873 1234 Gratias
2922 1180 3037 1235 Deo
3081 1190 3130 1235 et
3168 1180 3281 1247 tibi,
3333 1182 3586 1254 quoniam
3616 1182 3859 1238 omnium

2264 1267 2570 1323 Creatorem
2602 1267 2733 1324 nulli
2763 1276 3031 1324 creaturae
3062 1269 3293 1325 similem
3315 1286 3456 1337 esse,
3476 1270 3683 1326 nullum
3711 1273 3861 1341 prin-

2261 1356 2463 1427 cipium
2527 1364 2618 1412 aut
2674 1356 2835 1413 finem
2893 1357 3115 1427 habere,
3175 1359 3291 1415 sine
3349 1360 3460 1415 ullo
3504 1360 3856 1415 dubitationis

2268 1449 2506 1518 cognovi
2537 1446 2848 1502 obstaculo.
2890 1446 3059 1502 Patuit
3083 1448 3241 1513 etiam
3260 1464 3324 1503 ex
3348 1449 3524 1504 verbis
3547 1449 3649 1503 tuis
3678 1449 3853 1503 Deum

2261 1535 2575 1592 Creatorem
2603 1536 2845 1589 omnium
2879 1552 3059 1591 rerum
3094 1537 3331 1592 radicem
3362 1545 3413 1592 et
3444 1537 3853 1592 fundamentum

2256 1625 2628 1697 principaliter
2656 1641 2812 1688 esse;
2845 1626 3175 1681 secundario
3197 1642 3347 1692 vero,
3381 1626 3612 1680 animam
3646 1635 3697 1681 et
3727 1642 3851 1680 ma-

2259 1714 2448 1769 teriam
2480 1722 2533 1769 et
2563 1715 2707 1785 quod
2740 1715 2888 1769 Deus
2922 1713 3106 1769 fecerit
3127 1715 3383 1781 animam,
3416 1724 3463 1769 et
3492 1714 3635 1787 quod
3667 1715 3850 1769 anima

2266 1828 2297 1867 a
2334 1813 2448 1868 Deo
2472 1811 2615 1867 facta
2646 1820 2897 1883 speretur
2934 1812 2988 1866 in
3029 1813 3264 1868 materia.
3299 1813 3625 1884 Scrupulum
3666 1822 3848 1867 autem

550 1903 684 1958 dere
729 1898 986 1957 convenit
1025 1912 1169 1952 eum.
1210 1895 1404 1950 Omnis
1438 1910 1563 1949 eum
1604 1893 1927 1964 compositio
1967 1902 2145 1947 motus
2173 1893 2228 1955 B
2262 1918 2425 1957 unum
2467 1901 2559 1975 qui
2588 1902 2765 1957 adhuc
2808 1909 3045 1957 mentem
3083 1900 3374 1964 remordet.
3426 1910 3516 1956 tua
3552 1900 3849 1973 δεεεοίιδιε

549 1997 655 2059 est,
689 1998 742 2046 et
764 1996 922 2045 actus
940 1984 1202 2057 simplicis
1224 1984 1323 2040 rei.
1348 1984 1502 2049 Item,
1527 1983 1672 2055 quod
1704 1982 1855 2053 prius
1872 1990 1973 2045 est,
1999 1982 2146 2052 prin-

549 2080 752 2151 cipium
781 2078 989 2132 habere
1019 2090 1126 2130 non
1157 2081 1357 2144 potest.
1390 2071 1726 2143 Compositio
1764 2080 1944 2127 autem
1969 2071 2147 2125 omnis

545 2168 768 2240 aliquod
797 2166 959 2220 habet
988 2162 1343 2235 principium.
1382 2161 1611 2216 Creator
1638 2176 1775 2233 ergo
1803 2160 2009 2231 primus
2037 2175 2147 2214 non

548 2274 634 2323 est
658 2259 1129 2334 compositus,sed
1147 2274 1327 2331 neque
1340 2266 1422 2313 est
1453 2273 1768 2328 corporeus.
1793 2255 1970 2312 Omne
2001 2255 2147 2311 enim

550 2368 897 2425 corporeum,
934 2358 991 2404 ut
1019 2364 1189 2420 supra
1219 2348 1382 2402 latius
1402 2346 1785 2411 disseruimus,
1816 2354 1897 2401 est
1927 2360 2144 2416 compo-

551 2445 737 2499 situm.
767 2444 927 2505 Item,
968 2453 1147 2509 neque
1187 2436 1406 2491 mobilis
1450 2443 1551 2490 est.
1587 2434 1764 2490 Omne
1810 2434 1955 2489 enim
2002 2433 2148 2506 quod

550 2539 819 2598 movetur,
871 2527 1115 2599 partibus
1162 2532 1406 2581 constat.
1452 2524 1559 2579 Sed
1606 2523 1869 2596 quidquid
1910 2522 2148 2593 partibus

551 2634 789 2691 constat,
820 2622 1182 2694 compositum
1230 2628 1339 2676 est.
1378 2619 1537 2687 Quod
1577 2629 1757 2675 autem
1790 2620 2023 2690 primum
2064 2626 2150 2676 est

551 2717 793 2777 omnium
816 2730 925 2769 non
957 2717 1041 2767 est
1069 2710 1458 2781 compositum.
1486 2708 1653 2781 Igitur
1681 2724 1784 2765 nec
1812 2709 2011 2765 mobile
2032 2718 2139 2765 est.

551 2817 764 2872 Rursus
793 2812 970 2869 omnis
994 2811 1161 2867 motio
1192 2810 1245 2863 in
1265 2824 1496 2879 corpore
1516 2807 1594 2877 ﬁt,
1631 2808 1746 2864 sive
1774 2809 1842 2862 sit
1864 2817 2015 2864 recta
2045 2824 2151 2864 mo-

554 2905 648 2971 tio,
683 2901 853 2959 veluti
881 2917 1006 2957 cum
1040 2899 1160 2971 quis
1190 2914 1356 2953 unum
1401 2899 1664 2952 deserens
1710 2897 1890 2953 locum
1920 2906 2151 2969 occupat

553 3003 753 3068 alium,
788 3015 887 3055 seu
921 2998 990 3053 sit
1018 2996 1186 3052 motio
1214 2995 1268 3050 in
1300 3010 1518 3067 gyrum,
1546 3009 1668 3050 cum
1708 2995 1911 3067 aliquid
1942 2995 2150 3051 scilicet

550 3093 607 3149 in
637 3092 829 3147 eodem
861 3087 1101 3145 existens
1136 3085 1259 3141 loco
1290 3093 1347 3140 ut
1374 3083 1776 3140 ﬁrmamentum
1812 3093 2065 3140 versatur
2094 3084 2148 3139 in

548 3184 760 3248 orbem,
784 3180 899 3235 sive
930 3178 998 3232 sit
1028 3176 1194 3231 motio
1217 3174 1461 3245 partium
1479 3173 1715 3243 alicujus
1737 3174 1817 3229 rei
1838 3175 1902 3228 ad
1918 3174 2147 3229 invicem

551 3273 714 3340 facta,
748 3268 838 3325 vel
886 3267 955 3321 ab
1004 3264 1265 3321 extremis
1297 3264 1366 3319 ad
1398 3265 1658 3329 medium,
1696 3264 1779 3318 vel
1807 3279 1840 3318 a
1869 3264 2050 3319 medio
2080 3264 2146 3318 ad
2176 3255 2227 3322 C

552 3371 812 3424 extrema,
846 3356 1011 3412 veluti
1060 3353 1118 3408 fit
1169 3354 1225 3407 in
1281 3354 1531 3424 partibus
1576 3352 1742 3419 aeris,
1793 3368 1891 3408 seu
1923 3355 2146 3408 sitmo-

552 3452 624 3508 tio
654 3449 731 3506 rei
771 3448 828 3503 in
884 3446 1077 3501 eodem
1127 3443 1345 3515 quidem
1383 3442 1505 3497 loco
1555 3442 1856 3508 existentis,
1906 3442 2001 3496 sed
2050 3458 2149 3512 per

554 3539 807 3615 quaedam
856 3534 1015 3607 quasi
1058 3532 1396 3588 incrementa
1441 3531 1545 3586 hac
1580 3530 1813 3602 illacque
1839 3531 2146 3602 spatiantia,

555 3624 1015 3703 quemadmodum
1056 3622 1111 3676 in
1142 3620 1306 3675 ramis
1343 3620 1596 3674 arborum
1628 3619 1885 3689 paulatim
1917 3619 1987 3673 ad
2025 3635 2147 3675 om-

554 3735 654 3774 nes
674 3724 860 3788 partes
902 3710 1281 3768 crescentibus
1327 3707 1404 3762 ﬁt.
1448 3709 1545 3763 Har.
1590 3714 1771 3763 autem
1800 3724 1991 3763 omnes
2027 3725 2151 3764 mo-

554 3808 728 3864 tiones
758 3819 867 3859 non
896 3802 1001 3855 nisi
1048 3799 1100 3853 in
1151 3813 1390 3869 corpore
1420 3797 1540 3851 fieri
1572 3806 1823 3868 possunt.
1864 3798 1974 3853 Sed
2004 3798 2149 3869 quod

552 3908 794 3981 primum
840 3902 1082 3959 omnium
1134 3906 1239 3965 est,
1272 3912 1603 3968 corporeum
1645 3913 1752 3951 non
1784 3913 1907 3953 esse
1954 3899 2153 3968 proba-

553 4006 667 4053 tum
698 4003 802 4052 est.
831 3993 1005 4066 Igitur
1036 4004 1138 4044 nec
1170 3988 1427 4053 variatur,
1462 4002 1566 4042 nec
1601 3988 1993 4057 corrumpitur.
2044 3988 2152 4042 lte—

554 4102 700 4151 rum,
723 4098 825 4138 nec
855 4078 1051 4137 crescit
1081 4094 1180 4149 per
1208 4093 1288 4142 se,
1322 4090 1425 4130 nec
1454 4083 1684 4145 augetur
1712 4074 1952 4131 aliunde.
1977 4076 2153 4132 Omne

556 4175 701 4233 enim
734 4171 880 4244 quod
911 4168 995 4223 vel
1017 4166 1411 4222 incrementum
1434 4163 1642 4235 recipit,
1668 4163 1753 4218 vel
1773 4174 2150 4236 augmentum,

558 4261 752 4337 procul
782 4258 950 4314 dubio
978 4265 1059 4312 est
1091 4263 1143 4310 et
1172 4253 1563 4324 compositum.
1596 4253 1704 4308 Sed
1735 4254 1880 4324 quod
1911 4254 2153 4325 primum

561 4360 646 4409 est
677 4349 940 4414 omnium,
974 4360 1134 4415 supra
1180 4342 1519 4398 ostendimus
1560 4358 1671 4397 non
1708 4359 1832 4398 esse
1873 4343 2156 4417 composi-

563 4460 703 4508 tum.
744 4448 914 4519 Igitur
942 4459 1044 4499 nec
1072 4442 1271 4498 crescit
1300 4457 1402 4497 nec
1432 4449 1837 4514 augmentatur.
1872 4444 2024 4511 Item,
2049 4460 2157 4500 non

564 4538 864 4598 decrescit.
904 4533 1061 4602 Quod
1108 4530 1250 4587 enim
1300 4531 1574 4586 decrescit
1619 4533 2011 4604 corrumpitur.
2051 4534 2154 4590 Sed

565 4630 709 4705 quod
742 4626 981 4682 omnium
1014 4622 1250 4693 primum
1282 4630 1363 4674 est
1406 4635 1514 4675 non
1558 4622 1837 4693 corrumpi
1867 4624 2155 4693 probatum
2184 4621 2239 4683 D

563 4739 686 4788 est:
719 4726 882 4798 igitur
913 4737 1016 4777 nec
1062 4717 1359 4775 decrescit.
1419 4718 1626 4774 Rursus
1656 4720 1852 4774 nullius
1891 4732 2162 4782 creaturas

565 4822 620 4876 in
650 4818 833 4888 aliquo
857 4808 1269 4867 similitudinem
1300 4807 1483 4863 habet.
1518 4808 1830 4864 Similitudo
1857 4812 2001 4867 enim
2032 4832 2163 4886 qua-

564 4924 692 4979 litas
721 4926 827 4974 est.
867 4914 975 4972 Sed
1005 4912 1150 4984 quod
1176 4911 1411 4980 primum
1442 4910 1689 4965 omnium
1719 4920 1822 4979 est,
1860 4915 1994 4969 nulli
2023 4918 2159 4972 sub-

576 5028 707 5080 .cet
736 5013 1019 5090 qualitati:
1047 5026 1184 5082 ergo
1214 5025 1317 5064 nec
1361 5008 1718 5063 similitudini.
1781 5011 1938 5080 Item,
1989 5031 2162 5084 pona—

564 5128 689 5171 mus
716 5105 857 5180 quod
897 5100 1128 5170 alicujus
1169 5106 1439 5155 creaturae
1489 5098 1899 5155 similitudinem
1931 5104 2153 5162 habeat.

570 5210 682 5269 Sed
714 5205 947 5263 evidens
976 5208 1062 5255 est
1088 5197 1231 5270 quod
1254 5196 1553 5251 similitudo
1583 5197 1893 5268 aliquorum
1925 5202 2163 5259 duorum

567 5319 738 5374 alium
764 5308 1010 5384 pariﬁcat
1039 5305 1155 5370 alii,
1175 5302 1324 5359 velut
1359 5302 1404 5357 si
1434 5305 1687 5358 dicantur
1717 5304 1771 5358 in
1802 5305 2055 5364 albedine
2085 5310 2163 5364 si-

570 5416 751 5481 miles,
784 5407 980 5464 albedo
1003 5402 1228 5459 alterius
1259 5417 1359 5473 par
1389 5417 1514 5456 esse
1550 5401 1715 5458 debet
1756 5403 1997 5460 albedini
2024 5408 2163 5463 alte-

567 5513 686 5568 rius
711 5531 726 5579 ;
759 5506 1011 5563 similiter
1040 5503 1109 5558 de
1131 5502 1439 5575 nigredine,
1465 5509 1519 5555 et
1540 5501 1608 5556 de
1624 5501 1773 5557 omni
1796 5520 1855 5558 re
1882 5505 2165 5576 quaeinter

572 5611 788 5683 aliquos
818 5603 1225 5661 similitudinem
1247 5600 1391 5657 facit.
1424 5600 1603 5669 Quare
1625 5601 1671 5656 si
1698 5601 1806 5659 hoc
1823 5612 1986 5671 esset,
2018 5606 2162 5678 quod

576 5713 810 5783 primum
843 5714 926 5761 est
953 5704 1216 5769 omnium,
1248 5702 1479 5773 primum
1510 5702 1668 5757 simul
1700 5712 1843 5758 esset
1872 5710 2037 5778 atque
2077 5725 2165 5765 no-

573 5809 887 5869 vissimum;
919 5811 971 5856 et
1001 5801 1146 5873 quod
1185 5799 1561 5866 novissimum,
1611 5801 1966 5859 novissimum
2005 5806 2164 5862 simul

577 5912 741 5978 atque
769 5900 1044 5972 primum.
1085 5896 1248 5964 Quod
1278 5904 1565 5967 utrumque
1607 5907 1865 5969 quantum
1908 5901 2165 5960 inconve-

2261 1999 2555 2070 expostulo
2587 1999 2835 2055 enodari.
2868 1999 3002 2072 Legi
3034 2000 3301 2071 siquidem
3333 2000 3385 2054 in
3411 1999 3564 2053 libris
3600 1998 3849 2070 philoso-

2255 2092 2491 2161 phorum
2525 2088 2831 2161 plerisque,
2865 2090 3104 2160 quinque
3132 2098 3262 2144 ante
3294 2089 3477 2144 mundi
3505 2087 3846 2144 constitutio-

2256 2195 2379 2234 nem
2408 2179 2595 2247 fuisse,
2630 2179 2804 2234 Deum
2835 2179 3045 2235 scilicet
3070 2178 3160 2251 qui
3192 2179 3432 2234 omnium
3462 2194 3642 2233 rerum
3673 2177 3847 2250 origi-

2256 2293 2379 2332 nem
2413 2282 2581 2342 tenet,
2624 2284 2748 2347 post
2802 2292 2924 2331 eum
2985 2292 3112 2331 vero
3167 2276 3402 2331 animam
3445 2284 3498 2331 et
3541 2276 3846 2343 materiam,

2258 2374 2474 2438 tempus
2504 2374 2559 2421 et
2586 2366 2793 2422 locum.
2824 2367 2959 2421 Cum
2989 2381 3124 2437 ergo
3146 2366 3215 2422 de
3236 2366 3405 2420 tribus
3421 2365 3853 2436 praecedentibus

2256 2454 2603 2522 disserueris,
2658 2456 2816 2512 valde
2861 2456 3031 2511 miror
3072 2470 3244 2527 quare
3291 2455 3361 2510 de
3399 2454 3598 2510 ultimis
3634 2454 3852 2511 duobus

2260 2554 2462 2608 nullam
2491 2552 2685 2610 feceris
2715 2554 3068 2608 mentionem.

2332 2642 2580 2697 Ρετιιυε.
2621 2640 2765 2711 Quia
2810 2640 2941 2695 nihil
2988 2640 3056 2696 ad
3086 2650 3414 2712 praesentem
3443 2639 3711 2714 pertinent
3736 2650 3846 2696 tra-

2258 2738 2485 2796 ctatum,
2515 2732 2584 2786 de
2614 2730 2695 2785 eis
2723 2730 2872 2801 loqui
2895 2730 3137 2786 indicavi
3168 2730 3524 2802 superﬂuum.

2330 2829 2581 2882 Morsas.
2620 2829 2688 2882 Et
2725 2827 2771 2881 si
2799 2841 2831 2881 a
2861 2835 3089 2883 tractatu
3121 2827 3335 2883 videtur
3367 2828 3621 2895 alienum,
3666 2835 3849 2886 tamen

2260 2926 2389 2997 quid
2423 2934 2479 2980 tu
2497 2925 2566 2979 de
2584 2925 2669 2979 his
2692 2924 2898 2979 sentias
2920 2925 3106 2980 audire
3126 2925 3403 2991 desidero,
3427 2926 3548 2997 quia
3570 2926 3849 2996 capientes

2265 3014 2517 3072 catholici
2548 3015 2619 3069 ad
2662 3029 2894 3085 quorum
2946 3014 3109 3069 ﬁdem
3153 3023 3207 3069 tu
3246 3030 3542 3070 conversus
3568 3031 3647 3079 es,
3685 3015 3849 3085 longe

2270 3105 2422 3159 aliter
2446 3105 2515 3159 de
2546 3104 2631 3158 his
2662 3113 2955 3159 senserunt
2996 3120 3156 3175 quam
3206 3103 3548 3175 antiquorum
3600 3104 3849 3175 philoso—

2261 3203 2492 3272 phorum
2524 3200 2645 3255 libri
2678 3201 2983 3272 loquantur.
3016 3203 3155 3255 Nam
3187 3201 3439 3257 catholici
3485 3202 3602 3257 haec
3646 3200 3851 3272 princi~

2260 3292 2406 3362 pium
2448 3290 2730 3356 habuisse,
2791 3290 3100 3362 philosophi
3147 3301 3331 3347 autem
3382 3299 3594 3347 veteres
3644 3298 3851 3345 interna

2262 3389 2529 3436 testantur
2558 3396 2700 3435 esse.

2334 3478 2573 3533 Paraus.
2609 3477 2716 3532 illis
2749 3478 2937 3548 procul
2986 3477 3154 3533 dubio
3186 3477 3345 3533 fidem
3392 3476 3623 3533 adhibeo
3664 3477 3756 3548 qui
3787 3494 3849 3533 ea

2259 3582 2368 3621 non
2398 3582 2529 3621 cum
2558 3567 2785 3632 mundo,
2810 3568 2907 3622 sed
2929 3568 3000 3622 ab
3028 3566 3348 3638 antiquitate
3378 3566 3542 3622 fuisse
3570 3567 3846 3622 dixerunt.

2331 3658 2571 3712 Movsas.
2598 3655 2842 3726 Qualiter
2859 3656 2965 3711 hoc
2984 3655 3156 3728 possit
3175 3664 3446 3723 constare,
3466 3672 3565 3727 per
3584 3655 3849 3711 rationem

2260 3746 2517 3802 desidero
2547 3762 2713 3800 nosse
2726 3786 2739 3799 .

2335 3845 2575 3899 Parens.
2614 3844 2789 3899 Locus
2822 3844 3035 3900 duobus
3079 3844 3257 3899 modis
3287 3844 3501 3901 dicitur.
3542 3842 3850 3914 Aliquando

2262 3934 2411 3990 enim
2444 3949 2614 3989 causa
2642 3933 2870 3988 alterius
2902 3933 3004 4000 rei,
3038 3932 3328 4005 aliquando
3368 3949 3469 4003 per
3495 3949 3574 3988 se.
3605 3933 3849 3987 Alterius

2263 4048 2425 4090 causa
2457 4032 2675 4098 dicitur,
2709 4032 2837 4087 dum
2887 4031 3049 4087 alicui
3087 4032 3211 4087 loco
3242 4048 3331 4087 res
3369 4030 3546 4102 aliqua
3572 4030 3846 4098 inseritur,

2262 4131 2317 4179 et
2347 4124 2464 4193 ipse
2492 4122 2689 4178 dicitur
2710 4137 2833 4177 esse
2863 4121 3014 4178 locus
3032 4121 3174 4176 illius
3191 4125 3294 4187 rei,
3315 4122 3440 4175 dum
3463 4136 3552 4175 res
3581 4119 3671 4175 illa
3699 4121 3751 4174 in
3783 4136 3848 4175 eo

2265 4211 2531 4277 consistit,
2567 4219 2621 4266 et
2656 4212 2810 4267 locus
2839 4210 3036 4267 dicitur
3077 4210 3340 4281 partialis.
3385 4208 3539 4278 Quod
3568 4210 3617 4264 si
3646 4225 3734 4264 res
3759 4208 3848 4263 illa

2267 4317 2299 4356 a
2332 4302 2453 4357 loco
2485 4301 2604 4372 ipso
2628 4300 2968 4367 discesserit,
3002 4300 3153 4355 locus
3190 4315 3355 4354 unum
3389 4298 3535 4371 quod
3570 4298 3717 4370 prius
3745 4299 3847 4353 ba-

2269 4399 2456 4465 bebat,
2505 4398 2717 4454 scilicet
2758 4398 3100 4464 relationem,
3149 4397 3365 4464 amittit,
3399 4399 3526 4468 quia
3548 4396 3664 4466 jam
3709 4395 3849 4450 illius

2268 4488 2420 4544 locus
2451 4502 2701 4543 essenon
2731 4487 2950 4542 dicitur.
2981 4487 3160 4542 Locus
3190 4494 3374 4541 autem
3404 4501 3500 4557 per
3528 4501 3587 4540 se
3615 4484 3705 4557 qui
3731 4485 3848 4539 uni-

2270 4577 2500 4632 versalis
2541 4577 2755 4644 dicitur,
2800 4576 3045 4631 vacuitas
3095 4575 3300 4646 quaevis
3347 4582 3591 4640 vocatur,
3631 4573 3698 4629 de
3743 4589 3846 4645 quo

2271 4683 2379 4723 non
2409 4667 2672 4721 debemus
2719 4665 3036 4721 existimare
3084 4666 3228 4735 quod
3271 4679 3441 4719 causa
3478 4662 3597 4733 ejus
3625 4662 3703 4718 rei
3732 4679 3849 4734 qua:

2271 4765 2354 4811 est
2392 4756 2444 4810 in
2476 4771 2541 4811 eo
2571 4755 2786 4820 existat,
2822 4754 3077 4827 quoniam
3099 4753 3250 4809 locus
3268 4769 3483 4824 semper
3510 4768 3623 4808 rem
3654 4767 3850 4822 praece-

2271 4855 2401 4910 dere
2431 4853 2593 4908 debet
2624 4868 2746 4924 quas
2775 4851 2828 4905 in
2880 4867 2946 4907 eo
2996 4851 3175 4906 futura
3209 4855 3315 4906 est.
3356 4852 3436 4906 De
3466 4865 3570 4922 quo
3606 4848 3851 4906 videlicet

2270 4943 2391 4999 loco
2419 4942 2544 4997 talis
2562 4952 2650 4997 est
2678 4941 2922 4995 Platonis
2954 4939 3331 5012 syllogismus:
3365 4939 3555 5005 Omne,
3587 4938 3677 5005 ait,
3709 4939 3848 5011 quod

2270 5039 2442 5087 totum
2472 5028 2720 5087 consistit
2741 5046 2836 5101 per
2864 5030 3005 5083 aliud
3037 5038 3228 5093 totum,
3254 5028 3298 5082 si
3321 5036 3697 5099 corrumpatur
3725 5042 3852 5097 pars

2274 5122 2528 5194 quaelibet
2557 5120 2697 5189 ejus,
2719 5119 2863 5190 quod
2892 5126 2972 5173 est
3003 5133 3166 5174 causa
3213 5117 3564 5184 consistendi,
3606 5132 3850 5172 corrum-

2272 5223 2412 5295 pitur
2442 5221 2625 5294 utique
2656 5228 2708 5275 et
2740 5235 2867 5291 pars
2895 5219 3039 5288 ejus,
3064 5217 3208 5289 quod
3239 5215 3382 5270 illius
3402 5230 3564 5271 causa
3594 5214 3850 5282 consistit,

2274 5325 2329 5380 Si
2359 5337 2487 5377 vero
2519 5319 2636 5389 ejus
2672 5318 2817 5391 quod
2850 5334 2948 5389 per
2976 5316 3124 5371 aliud
3170 5314 3415 5370 consistit
3456 5330 3578 5385 pars
3610 5328 3852 5368 corrum-

2272 5430 2451 5494 patur,
2506 5436 2613 5474 non
2656 5427 2839 5473 tamen
2874 5430 3102 5473 necesse
3142 5424 3226 5470 est
3264 5415 3382 5484 ejus
3414 5413 3558 5487 quod
3586 5428 3750 5468 causa
3776 5416 3854 5469 est

2274 5519 2613 5581 consistendi
2644 5525 2854 5590 partem
2885 5516 3045 5572 ullam
3065 5513 3365 5587 corrumpi.
3397 5514 3529 5570 Cum
3560 5528 3694 5586 ergo
3709 5512 3855 5570 locus

2274 5620 2342 5677 sit
2372 5635 2534 5677 causa
2566 5615 2834 5673 existendi
2865 5616 2916 5673 ei
2964 5613 3043 5671 rei
3080 5631 3199 5687 qua:
3239 5611 3293 5667 in
3324 5627 3389 5668 eo
3419 5619 3519 5679 est,
3552 5610 3851 5668 necessario

2273 5708 2615 5767 concluditur
2643 5721 2750 5761 non
2782 5703 2908 5761 ideo
2935 5712 3139 5777 partem
3169 5703 3399 5774 aliquam
3431 5701 3532 5758 loci
3562 5699 3848 5772 corrumpi,

2274 5806 2400 5882 quia
2432 5806 2637 5879 qumvis
2670 5805 2748 5860 rei
2771 5804 2823 5859 in
2845 5820 2911 5860 eo
2932 5802 3277 5861 consistentis
3298 5818 3423 5873 pars
3444 5810 3844 5871 corrumpatur.

2274 5904 2396 5977 Quo
2425 5920 2710 5976 concesso,
2732 5904 3084 5976 consequitur
3104 5908 3159 5959 et
3176 5900 3279 5957 hoc
3308 5897 3453 5974 quod
3472 5896 3624 5955 locus
3644 5913 3751 5955 non
3779 5896 3851 5954 aL
