3966 6398
160 422 257 481 561

1576 494 1579 497 ν
1637 419 1956 479 DIALOGI.

3355 421 3457 478 562

157 549 334 606 terius
363 565 528 606 causa
555 548 830 606 consistit.
869 547 958 604 Ad
982 547 1144 618 hujus
1173 547 1397 603 rationis
1431 547 1760 603 evidentiam
1791 546 1848 608 A
1877 552 2085 604 cuncta
2104 565 2225 619 qua:
2239 550 2456 617 fecerat
2468 551 2701 603 σιω·αηί
2725 546 2880 603 valde
2902 546 3046 602 boria
3075 544 3231 616 (Gen.
3262 543 3331 614 1),
3355 558 3464 599 non

158 639 329 693 talem
362 639 684 695 inducamus
706 638 1115 695 similitudinem
1143 654 1155 690 :
1189 636 1243 692 Si
1270 645 1508 692 montem
1530 637 1761 709 aliquem

159 734 232 789 de
263 735 503 805 qualibet
532 735 716 790 mundi
747 743 899 807 parte
927 733 1166 788 ablatum
1197 734 1468 797 dicamus,
1502 750 1611 788 non
1638 733 1762 788 ideo

160 824 317 879 locus
346 823 438 878 ille
468 824 522 878 in
554 840 660 895 quo
690 824 1044 888 consistebat,
1078 830 1157 877 est
1186 822 1516 877 imminutus.
1549 823 1761 877 Nomen

161 910 346 982 itaque
376 911 663 982 pristinum
693 912 950 982 perdidit,
1013 911 1140 982 quia
1189 910 1306 981 jam
1360 911 1505 966 illius
1562 912 1760 967 montis

157 1011 313 1067 locus
342 1013 526 1068 vocari
554 1029 662 1068 non
694 1013 913 1083 poterit,
944 1013 1041 1067 sed
1074 1012 1401 1067 universalis
1428 1013 1531 1068 loci
1554 1013 1759 1069 ibidem

158 1109 213 1155 et
246 1117 445 1156 nomen
476 1112 528 1157 et
558 1111 746 1156 natura
780 1102 1054 1157 remansit.
1086 1102 1298 1157 Rursus
1328 1101 1616 1170 cujuslibet
1657 1103 1758 1157 bo-

155 1188 320 1244 minis
349 1206 570 1245 servum
602 1199 869 1246 mortuum
897 1190 1123 1245 dixeris.
1149 1191 1404 1262 Nunquid
1418 1191 1544 1263 quia
1563 1206 1757 1246 servus

157 1295 242 1340 est
270 1289 688 1351 mortuus,ideo
716 1288 970 1343 dominus
1018 1304 1150 1343 suus
1200 1304 1329 1344 esse
1375 1288 1479 1356 jam
1537 1289 1756 1345 desiit?

156 1376 303 1441 Non,
335 1377 432 1430 sed
463 1376 669 1431 domini
698 1384 905 1431 tantum
938 1392 1136 1432 nomen
1168 1377 1313 1447 quod
1344 1378 1461 1445 ejus
1506 1386 1754 1447 respectu

159 1464 395 1518 habebat
420 1464 617 1518 amisit.
665 1466 811 1519 Patet
837 1482 972 1534 ergo
1004 1466 1149 1536 quod
1178 1466 1383 1520 dimota
1430 1482 1485 1520 re
1534 1483 1656 1538 qum
1699 1467 1754 1521 in

152 1558 280 1614 loco
308 1560 547 1631 quolibet
579 1568 679 1625 est,
712 1560 955 1632 partialis
986 1560 1172 1631 utiiue
1207 1560 1310 1616 loci
1369 1577 1567 1616 nomen
1626 1578 1749 1616 mu-

156 1656 325 1713 tatur,
360 1649 455 1702 sed
487 1649 592 1704 loci
624 1649 921 1704 substantia
952 1649 1173 1704 minime
1204 1649 1425 1704 tollitur.
1483 1650 1563 1705 De
1622 1659 1752 1706 tem-

156 1752 291 1807 pore
319 1737 484 1791 etiam
513 1736 591 1791 ait
621 1738 749 1808 quia
778 1746 860 1792 est
889 1737 1196 1792 substantia
1226 1754 1322 1808 per
1372 1755 1432 1793 se
1488 1739 1746 1805 existens,

155 1833 210 1881 et
239 1841 347 1880 non
378 1826 653 1890 accidens,
677 1825 823 1897 quod
851 1827 1071 1881 alterius
1101 1842 1261 1882 causa
1288 1826 1570 1892 subsistat,
1597 1827 1747 1883 verbi

154 1921 353 1991 gratia,
387 1922 433 1975 si
462 1937 728 1991 ponamus
758 1937 856 1976 vas
886 1936 1007 1976 cum
1039 1936 1181 1993 aqua
1212 1921 1280 1977 ad
1307 1921 1751 1991 cognoscendum

159 2018 373 2078 tempus
402 2009 739 2081 singularum
767 2011 1049 2076 horarum,
1082 2026 1191 2065 non
1240 2011 1613 2065 aestimandum
1670 2020 1751 2067 est

158 2114 258 2153 vas
288 2099 420 2153 illud
444 2115 604 2154 causa
651 2100 938 2168 existendi,
999 2100 1095 2154 sed
1144 2108 1347 2154 tantum
1403 2100 1752 2156 discernendi

157 2200 373 2271 signum
405 2201 666 2271 temporis
696 2218 844 2257 esse.
884 2202 1074 2273 Neque
1116 2202 1265 2256 enim
1320 2200 1478 2255 aliter
1537 2210 1750 2272 tempus

157 2289 402 2345 eveniret
431 2298 484 2344 et
509 2290 554 2343 si
587 2306 680 2344 vas
712 2291 844 2344 illud
876 2306 984 2344 non
1015 2298 1179 2345 esset.
1222 2290 1302 2345 Ad
1334 2291 1479 2346 hunc
1533 2306 1751 2362 quoque

157 2378 383 2432 modum
429 2379 700 2433 debemus
748 2378 1052 2449 intelligere
1096 2379 1497 2434 firmamentum
1536 2395 1748 2451 nequa-

156 2490 324 2545 quam
354 2491 600 2540 causam,
632 2476 728 2529 sed
768 2492 1081 2530 mensuram
1129 2484 1182 2530 et
1235 2477 1453 2547 signum
1508 2484 1748 2530 tantum-

156 2564 323 2618 modo
351 2563 612 2633 temporis
642 2580 785 2629 esse,
819 2564 914 2619 sed
944 2573 1157 2633 tempus
1202 2564 1411 2619 scilicet
1467 2565 1745 2635 simplum,

156 2652 277 2707 sine
306 2651 465 2723 signo
495 2662 548 2708 et
588 2667 862 2717 mensura,
918 2660 971 2707 et
1029 2653 1135 2710 ulla
1191 2653 1520 2709 discretione
1577 2661 1747 2718 esset,

154 2740 296 2796 sicut
325 2746 380 2795 et
404 2750 619 2811 tempus
647 2742 903 2796 horarum
933 2741 1041 2796 diei
1070 2741 1420 2797 indiscretum
1476 2750 1747 2808 maneret,

155 2829 203 2883 si
236 2843 333 2884 vas
361 2845 483 2885 cum
512 2845 653 2901 aqua
678 2830 952 2903 signatum
983 2846 1092 2885 non
1123 2837 1295 2885 esset.
1334 2831 1491 2886 Nunc
1520 2831 1590 2884 ita
1616 2830 1749 2886 bre-

155 2917 298 2973 viter
325 2918 504 2974 omnia
533 2919 947 2975 concludamus.
979 2920 1266 2974 Probatum
1287 2927 1371 2974 est
1408 2920 1580 2975 Deum
1626 2936 1751 2974 om-

155 3019 316 3074 nium
348 3036 534 3077 rerum
563 3037 687 3076 esse
717 3020 995 3086 factorem,
1022 3036 1184 3092 quem
1207 3037 1306 3076 sua
1328 3021 1485 3076 nobis
1506 3021 1749 3077 indicant

153 3124 346 3179 opera,
370 3109 499 3180 quia
530 3109 598 3164 de
628 3108 867 3180 perfecta
889 3108 1151 3178 prodeunt
1169 3110 1433 3179 sapientia
1458 3129 1472 3175 ;
1515 3110 1749 3164 animam

153 3205 334 3252 autem
357 3206 410 3252 et
437 3198 643 3253 factam
672 3214 815 3262 esse,
839 3204 891 3252 et
914 3197 1215 3266 factricem,
1240 3197 1368 3265 quia
1386 3197 1508 3253 facit
1539 3198 1749 3269 aliquid

155 3295 212 3350 in
246 3295 500 3356 materia,
530 3310 632 3350 nec
660 3302 844 3350 tamen
878 3310 1224 3365 corpoream,
1257 3302 1471 3365 tempus
1504 3295 1666 3349 etiam
1698 3303 1751 3351 et

155 3385 337 3440 locum
366 3400 466 3454 per
495 3400 554 3438 se
583 3383 868 3439 existentia
899 3399 1008 3438 non
1065 3398 1353 3454 corporea,
1410 3384 1508 3438 sed
1563 3392 1750 3439 tamen

163 3472 543 3527 substantialia
573 3488 716 3537 esse,
750 3472 1035 3527 materiam
1064 3488 1200 3528 vero
1256 3473 1453 3529 factam
1510 3473 1749 3545 quidem,

159 3574 260 3629 sed
283 3573 564 3630 factricem
592 3590 702 3630 non
729 3591 878 3630 esse.

232 3680 475 3735 Morsns.
507 3682 727 3751 Aperta:
757 3680 953 3735 rationi
981 3679 1206 3736 claritas
1237 3681 1305 3735 de
1353 3688 1575 3751 pectore
1631 3696 1754 3736 meo

160 3768 322 3824 totius
351 3768 697 3823 dubitationis
727 3769 932 3838 expulit
960 3770 1233 3825 tenebras.
1285 3770 1529 3841 Cognovi
1580 3770 1756 3841 siqui-

160 3858 286 3912 dem
316 3856 579 3911 mundum
609 3873 732 3911 cum
762 3858 1016 3912 omnibus
1045 3875 1166 3929 quae
1194 3858 1249 3912 in
1278 3873 1343 3913 eo
1373 3866 1498 3913 sunt
1551 3857 1753 3913 factum

160 3961 305 4009 esse,
337 3961 445 4000 non
475 3952 755 4000 aeternum.
786 3945 892 4000 Sed
921 3946 1024 4001 hoc
1053 3947 1148 4000 tibi
1178 3955 1339 4002 restat
1370 3946 1438 4000 ad
1470 3946 1543 4001 tui
1575 3947 1755 4017 operis

160 4042 572 4115 perfectionem,
607 4052 798 4099 contra
825 4059 920 4100 eos
950 4045 1203 4100 videlicet
1233 4044 1324 4116 qui
1366 4044 1632 4099 mundum
1686 4043 1755 4098 ab

163 4141 371 4187 aeterno
399 4132 585 4187 dicunt
613 4131 802 4197 fuisse,
858 4131 1096 4204 aliquam
1153 4150 1276 4204 qua:
1325 4134 1571 4188 destruat
1625 4133 1756 4187 dare

165 4221 446 4276 rationem.
470 4220 665 4276 Dicunt
691 4221 833 4275 enim
864 4221 971 4275 ita:
997 4220 1145 4289 Quid
1177 4223 1349 4276 visum
1380 4230 1463 4277 est
1510 4220 1758 4277 Creatori

166 4322 478 4391 summo,iu
507 4331 615 4377 tam
649 4323 822 4378 subita
852 4331 905 4378 et
959 4323 1174 4378 novella
1226 4340 1401 4378 rerum
1460 4326 1754 4391 creatione,

168 4429 291 4469 cum
322 4427 415 4467 eas
439 4410 759 4481 jamdudum
790 4427 897 4467 non
929 4420 1170 4466 creasset
1202 4416 1224 4467 .9
1254 4410 1419 4466 Nefas
1450 4414 1594 4467 enim
1653 4421 1758 4479 est,

167 4501 442 4571 inquiunt,
476 4499 705 4554 credere
727 4499 795 4554 de
825 4500 939 4554 Deo
968 4500 1113 4571 quod
1161 4499 1366 4570 aliquid
1422 4501 1513 4555 vel
1568 4516 1757 4557 recor-

1779 1904 1833 1964 B

1873 644 1954 690 est
1984 635 2364 708 inquirendum
2399 651 2495 691 cur
2523 636 2642 691 haec
2668 652 2776 691 non
2807 634 2999 692 fecerit
3025 642 3213 689 antea.

1942 755 2185 808 Mersus.
2220 753 2375 806 Juste
2406 750 2502 804 tibi
2531 766 2564 805 a
2588 751 2698 805 Deo
2728 758 2855 820 opto
2884 765 3143 822 magnum
3172 748 3460 818 praemium

1869 841 2008 905 dari,
2042 857 2108 895 eo
2143 840 2287 912 quod
2320 840 2677 910 quaestionem
2719 854 2827 893 non
2882 838 3218 893 credentium
3270 836 3460 892 mundi

1869 929 2307 986 constitutionem
2337 936 2526 983 contra
2557 927 2843 982 credentes
2873 935 2980 981 tam
3010 925 3277 981 subtiliter
3324 942 3461 996 per-

1869 1028 2098 1083 solvisti.
2148 1028 2305 1081 Nunc
2358 1026 2502 1097 quod
2555 1023 2904 1096 supradixisti
2962 1023 3085 1080 volo
3141 1022 3456 1094 patefacias,

1867 1120 2139 1189 quomodo
2163 1115 2341 1171 omnia
2364 1131 2435 1170 ex
2454 1113 2833 1182 conjunctione
2849 1113 3045 1168 animm
3075 1127 3199 1168 cum
3230 1111 3453 1166 materia

1865 1205 2135 1277 gradatim
2167 1213 2291 1259 sunt
2321 1203 2479 1260 facta.

1938 1314 2181 1367 Pramus.
2222 1312 2414 1367 Dicunt
2444 1310 2749 1381 philosophi
2780 1311 2906 1381 quia
2934 1326 3052 1365 cum
3083 1310 3368 1379 conjuncta
3398 1316 3454 1365 et

1863 1400 2235 1472 conglutinata
2270 1400 2517 1454 materiai
2560 1406 2641 1453 est
2696 1399 2873 1453 anima
2927 1398 3163 1468 primum
3210 1398 3450 1452 omnium

1863 1489 2150 1545 fo:-matum
2179 1497 2279 1553 est,
2313 1497 2366 1542 et
2395 1488 2753 1558 compositum
2800 1485 3200 1542 ﬁrmamentum
3255 1487 3448 1555 majus,

1816 1594 1817 1597 “
1858 1589 1916 1645 in
1945 1603 2052 1657 quo
2081 1585 2229 1639 nulla
2259 1592 2382 1639 sunt
2413 1584 2616 1647 sidera,
2650 1591 2703 1638 et
2761 1583 2909 1654 quod
2965 1583 3201 1639 circulos
3257 1599 3450 1638 omnes

1860 1675 1988 1731 facit
2018 1676 2245 1729 moveri.
2283 1676 2402 1728 Post
2434 1672 2564 1726 illud
2597 1680 2775 1727 autem
2807 1671 3069 1727 formatus
3100 1678 3186 1727 est
3228 1670 3457 1742 signifer

1858 1762 2097 1820 circulus
2125 1764 2181 1817 in
2210 1779 2318 1833 quo
2348 1761 2637 1817 duodecim
2668 1761 2900 1816 emicant
2926 1760 3106 1833 signa.
3131 1761 3309 1816 Tertio
3329 1762 3453 1816 loco

1862 1851 2034 1907 factus
2063 1859 2147 1907 est
2166 1851 2400 1906 circulus
2421 1850 2681 1916 siderum,
2708 1865 2829 1921 quae
2849 1865 3069 1919 semper
3085 1850 3246 1904 situm
3287 1863 3445 1904 suum

1865 1952 2156 2016 servantia,
2189 1952 2242 2005 in
2276 1950 2388 2006 suis
2418 1950 2552 2004 locis
2578 1950 2876 2020 perdurant
2910 1948 3034 2003 ﬁxa.
3071 1947 3270 2017 Quarto
3301 1950 3444 2016 loco,

1859 2040 2074 2095 Saturni
2106 2041 2314 2095 locatus
2345 2046 2427 2093 est
2457 2038 2712 2094 circulus.
2735 2038 2937 2106 Quinto
2975 2046 3152 2093 autem
3189 2037 3338 2093 Jovis
3367 2046 3447 2093 est

1858 2129 2006 2185 orbis
2038 2130 2266 2184 locatus.
2302 2129 2522 2183 Sextum
2552 2142 2719 2197 porro
2750 2126 2946 2193 locum,
2981 2127 3166 2182 Martis
3197 2126 3300 2181 sibi
3320 2127 3444 2183 vin-

1858 2224 2001 2278 dicat
2030 2223 2201 2278 ensis.
2254 2222 2501 2292 Septimo
2548 2229 2722 2275 autem
2782 2220 2928 2275 Solis
2980 2221 3216 2276 circulus
3264 2221 3434 2277 lucet.

1861 2310 2141 2376 Octavum,
2179 2311 2405 2365 Veneris
2434 2310 2675 2379 possidet
2703 2308 2919 2379 globus.
2951 2308 3419 2381 Nonum,:Mercu

1860 2400 1969 2454 rius
1998 2399 2223 2454 sortitus
2252 2406 2353 2465 est,
2387 2400 2479 2452 dat
2508 2397 2653 2451 lunas
2682 2404 2868 2467 partes
2899 2397 3142 2452 decimus
3175 2398 3328 2453 locus
3360 2398 3448 2452 in-

1859 2501 2107 2557 feriores.
2145 2501 2238 2555 His
2294 2516 2426 2555 vero
2484 2499 2700 2555 circulis
2752 2499 3035 2567 completis
3092 2501 3343 2555 omnibus
3399 2507 3455 2556 et

1861 2591 2071 2648 cunctis
2098 2605 2217 2661 quae
2245 2590 2299 2644 in
2333 2588 2411 2643 eis
2442 2595 2584 2653 sunt,
2618 2592 2745 2644 tunc
2773 2588 2937 2657 carpit
2978 2596 3153 2642 motus
3208 2588 3310 2643 iste
3368 2604 3454 2644 ro-

1862 2680 2079 2743 tundus,
2114 2678 2204 2750 qui
2235 2677 2430 2733 dicitur
2462 2676 2692 2747 simplex
2724 2684 2778 2731 et
2807 2675 3102 2746 perfectus,
3160 2684 3214 2732 et
3264 2677 3453 2748 genuit

1861 2780 1950 2835 ille
1980 2787 2158 2835 motus
2188 2779 2245 2833 in
2274 2778 2499 2834 materia
2528 2777 2790 2847 calorem,
2823 2778 2914 2849 qui
2959 2776 3164 2833 effusus
3219 2786 3302 2832 est
3356 2794 3455 2848 per

1860 2885 1979 2926 eam
2009 2870 2235 2939 ipsaque
2264 2884 2387 2923 eum
2420 2868 2705 2938 reCeperit,
2738 2875 2791 2922 et
2818 2866 2946 2922 inde
2978 2866 3120 2922 facta
3150 2874 3276 2921 sunt
3318 2882 3454 2938 qua-

1861 2963 1986 3013 tuor
2016 2957 2282 3012 elementa
2315 2974 2326 3009 :
2361 2956 2525 3028 ignis,
2558 2972 2668 3021 aer,
2701 2970 2840 3027 aqua
2897 2964 2951 3010 et
3001 2963 3163 3012 terra.
3227 2955 3451 3011 Constat

1857 3069 2037 3115 autem
2068 3060 2207 3131 quia
2237 3058 2415 3113 omnis
2446 3066 2621 3113 motus
2676 3056 2768 3128 qui
2825 3057 2893 3112 de
2950 3057 3132 3129 aliquo
3191 3065 3448 3113 movente

1857 3148 2124 3221 procedit,
2159 3156 2211 3202 et
2240 3147 2417 3201 omnis
2445 3145 2617 3200 virtus
2647 3145 2939 3214 cujuslibet
2967 3144 3212 3210 virtuosi,
3247 3154 3449 3217 quanto

1779 3255 1827 3319 ρ
1858 3238 2195 3310 proximiora
2224 3243 2349 3289 sunt
2377 3235 2462 3289 bis
2490 3235 2559 3289 de
2589 3234 2786 3305 quibus
2815 3235 3105 3302 prodeunt,
3141 3239 3295 3289 tanto
3328 3250 3448 3290 ma-

1853 3337 2031 3406 jorem
2064 3336 2169 3390 vim
2200 3344 2253 3390 et
2279 3333 2650 3389 fortitudinem
2680 3332 2945 3398 obtinent,
2997 3340 3308 3404 quantoque
3356 3347 3446 3387 re-

1861 3425 2094 3480 motiora
2118 3424 2184 3478 ab
2206 3424 2289 3478 eis
2310 3422 2521 3490 fuerint,
2548 3430 2691 3476 tanto
2712 3420 2970 3476 molliora
2986 3429 3155 3491 atque
3179 3420 3450 3476 debiliora

1862 3514 2188 3569 redduntur.
2228 3511 2384 3581 Quod
2415 3510 2667 3583 quoniam
2699 3510 2774 3564 ita
2805 3518 2904 3574 est,
2937 3517 3084 3579 patet
3130 3509 3254 3580 quia
3302 3509 3453 3565 calor

1861 3616 1952 3672 ille
1982 3615 2077 3687 qui
2102 3615 2169 3670 de
2200 3621 2344 3669 motu
2372 3611 2698 3667 firmamenti
2733 3610 3020 3682 processit,
3050 3610 3107 3664 in
3137 3610 3271 3665 locis
3324 3611 3453 3667 vici-

1862 3705 2107 3760 nioribus
2136 3704 2305 3758 multo
2334 3702 2457 3774 plus
2496 3700 2735 3766 incaluit,
2797 3709 2851 3755 et
2905 3714 3271 3757 concremans
3328 3698 3446 3767 fuit,

1865 3793 2146 3864 factusque
2175 3793 2322 3863 ignis
2351 3800 2433 3847 est
2463 3789 2716 3845 videlicet
2732 3788 2894 3844 siccae
2916 3796 3123 3843 natura:
3144 3792 3197 3842 et
3223 3788 3443 3845 calidas.

1864 3891 2002 3962 Quia
2032 3905 2166 3944 vero
2200 3888 2479 3959 paulisper
2507 3887 2661 3943 calor
2690 3887 2779 3941 ille
2808 3886 3028 3957 longius
3055 3904 3087 3940 a
3110 3885 3453 3942 firmamento

1865 3980 2111 4044 recessit,
2145 3977 2248 4032 vim
2286 3994 2443 4032 suam
2470 3979 2579 4043 jam
2611 3975 2884 4031 modicum
2914 3974 3169 4029 amittens
3200 3973 3456 4044 aliquan-

1864 4070 2031 4125 tulum
2067 4068 2253 4138 tepuit,
2286 4075 2340 4122 et
2369 4066 2603 4121 debilior
2626 4064 2743 4132 fuit,
2776 4065 2873 4120 sed
2905 4072 2958 4119 et
2986 4081 3047 4118 se
3076 4065 3177 4119 hac
3214 4063 3453 4134 illacque

1864 4165 2179 4231 commovit,
2212 4165 2355 4219 unde
2382 4163 2529 4219 facta
2549 4172 2636 4218 est
2657 4170 2845 4218 natura
2867 4162 3010 4216 aeris
3035 4162 3211 4217 calida
3258 4170 3309 4216 et
3353 4163 3457 4218 hu-

1866 4257 2029 4310 mida.
2063 4254 2256 4310 Omnis
2284 4253 2429 4308 enim
2457 4253 2610 4308 calor
2663 4252 2908 4323 quandiu
2966 4250 3290 4306 fortissimus
3347 4259 3450 4320 est,

1867 4345 2108 4401 desiccat
2138 4351 2191 4398 et
2220 4342 2508 4399 comburit.
2544 4342 2620 4395 Ex
2652 4356 2761 4412 quo
2791 4356 2924 4396 vero
2962 4340 3207 4410 tepescit,
3257 4340 3454 4396 molle-

1868 4460 2024 4499 scere
2055 4459 2170 4497 rem
2201 4457 2265 4497 ac
2293 4438 2563 4512 liqueﬁeri
2593 4438 2739 4495 facit.
2774 4437 3059 4507 Quomodo
3080 4446 3255 4492 autem
3273 4439 3454 4495 adhuc

1868 4532 2087 4603 longius
2114 4546 2147 4585 a
2177 4529 2516 4585 firmamento
2547 4527 2793 4593 recessit,
2824 4527 3009 4581 radice
3057 4527 3212 4599 quasi
3258 4528 3454 4597 procul

167 4604 329 4659 datus
356 4600 534 4667 fuerit:
570 4600 655 4691 Vel
682 4600 866 4691 ίβυδίίο
887 4600 1097 4691 ΫίάθΓίίν
1123 4601 1269 4673 (ἰυΟά
1290 4601 1415 4656 Olim
1439 4610 1530 4656 θυι
1557 4602 1755 4658 Obuius
1785 4616 1839 4676 D
1866 4600 2131 4677 existente
2163 4621 2405 4691 vigorem
2435 4618 2630 4685 amisit,
2665 4624 2718 4671 et
2747 4616 2870 4671 ideo
2898 4622 3088 4670 natura
3117 4615 3321 4687 frigida
3340 4632 3457 4686 per-

170 4696 317 4749 esset
347 4700 439 4745 aut
468 4706 576 4744 non
606 4689 851 4743 vidisset.
886 4688 1084 4744 Contra
1117 4690 1258 4746 banc
1284 4705 1468 4745 eorum
1500 4692 1757 4762 quaestio-

171 4796 316 4846 nem,
350 4778 552 4833 nullam
582 4778 812 4833 antehac
832 4777 1013 4833 inveni
1044 4776 1394 4832 solutionem.

242 4899 478 4953 Parnus.
510 4896 687 4951 Nosse
717 4894 884 4949 debes
913 4893 1151 4949 omnium
1177 4894 1451 4950 actionum
1500 4902 1608 4950 tres
1637 4910 1759 4949 esse

172 4988 409 5043 radices.
444 4984 605 5041 Actio
635 4984 777 5039 enim
806 4984 916 5039 alia
945 4992 1176 5056 estquae
1233 4984 1397 5039 debet
1449 5001 1595 5050 esse,
1654 4984 1762 5039 alia

171 5092 293 5149 quae
322 5091 450 5142 non,
484 5075 587 5129 alia
617 5072 936 5143 simpliciter
964 5073 1122 5129 bona.
1156 5071 1255 5127 Illa
1285 5089 1404 5144 qua:
1436 5073 1599 5129 debet
1639 5089 1762 5129 esse

172 5165 294 5220 talis
323 5171 424 5228 est,
455 5179 617 5234 quam
648 5163 693 5216 si
723 5161 910 5228 facias,
934 5169 1116 5232 grates
1140 5161 1364 5216 habebis
1390 5181 1403 5226 ;
1435 5162 1484 5216 si
1502 5178 1631 5218 vero
1654 5178 1761 5217 non

174 5268 354 5331 facias,
389 5265 710 5337 culpaberis.
744 5262 880 5333 Quae
914 5280 1045 5319 vero
1076 5279 1181 5319 non
1212 5263 1373 5319 debet
1403 5281 1546 5331 esse,
1580 5266 1625 5320 si
1672 5265 1760 5321 fa-

174 5358 287 5414 cias
316 5364 506 5427 gratus
528 5355 634 5410 eris
667 5354 747 5417 ;si
771 5368 899 5409 vero
940 5368 1049 5408 non
1088 5352 1274 5417 facias,
1300 5369 1407 5408 non
1429 5362 1610 5410 tamen
1639 5354 1763 5411 cul-

173 5445 413 5518 pabez'is.
448 5445 576 5498 Haac
602 5442 784 5498 ultima
812 5450 866 5497 et
895 5457 1151 5496 mensura
1180 5449 1332 5497 caret
1388 5449 1442 5496 et
1495 5448 1761 5513 tempore,

175 5544 324 5600 velut
352 5541 396 5596 si
427 5540 552 5612 quis
580 5539 739 5594 hodie
760 5539 1166 5609 eleemosynam
1196 5536 1382 5603 faciat,
1410 5554 1518 5593 non
1548 5548 1631 5594 est
1675 5540 1774 5594 iu-.

177 5629 475 5705 quirendus
503 5645 668 5699 quare
697 5644 807 5684 non
833 5627 1025 5683 fecerit
1055 5626 1189 5681 heri.
1224 5627 1486 5682 Similiter
1517 5627 1563 5681 si
1601 5645 1765 5683 unum

176 5720 385 5777 dederit
414 5733 715 5782 nummum,
746 5732 854 5771 non
885 5724 965 5772 est
994 5716 1408 5787 investigandas
1436 5731 1607 5786 quare
1654 5734 1765 5772 non

175 5814 389 5872 dederit
413 5814 571 5869 duos.
596 5814 659 5868 Et
682 5811 935 5885 quoniam
968 5811 1130 5866 totius
1161 5811 1344 5865 mundi
1395 5818 1647 5865 creatura
1689 5817 1772 5865 est

178 5906 347 5975 bona,
379 5912 516 5961 teste
545 5902 710 5960 etiam
745 5901 1025 5973 Scriptura
1045 5917 1167 5973 quae
1223 5899 1298 5956 ait
1330 5916 1344 5955 ;
1416 5899 1570 5955 Vidit
1628 5901 1771 5955 Deus

1869 4718 2020 4782 stitit,
2044 4724 2097 4771 et
2127 4716 2269 4771 facta
2299 4724 2380 4770 est
2411 4714 2615 4786 liquida
2637 4721 2687 4768 et
2714 4712 3042 4784 ponderosa.
3078 4712 3149 4765 Et
3191 4712 3451 4783 quoniam

1868 4804 2087 4877 longius
2117 4805 2295 4859 adhuc
2325 4818 2486 4875 quam
2519 4811 2636 4857 erat
2655 4801 3052 4857 aﬁrmamcnto
3069 4801 3314 4863 recessit,
3337 4801 3457 4870 ipsa

1868 4892 2176 4962 frigiditatis
2205 4896 2399 4946 natura
2427 4900 2655 4964 prOptcr
2683 4892 2905 4946 nimiam
2935 4890 3293 4944 remotionem
3324 4892 3459 4944 red-

1870 4990 1979 5043 dita
2008 4997 2091 5043 est
2148 4990 2357 5055 fortior,
2416 4989 2666 5059 spissior,
2726 4988 3080 5061 congelatior,
3141 4994 3193 5042 et
3246 4988 3454 5057 durior,

1869 5078 2117 5149 factaque
2146 5079 2291 5134 sicea
2322 5084 2374 5131 et
2399 5077 2617 5149 frigida,
2651 5085 2706 5133 et
2734 5079 2854 5150 ipsa
2883 5086 2965 5133 est
2995 5086 3153 5132 terra.
3178 5076 3460 5147 Completa

1870 5169 2053 5239 itaque
2083 5168 2185 5224 hoc
2217 5167 2376 5222 modo
2409 5166 2805 5222 elementorum
2827 5174 3023 5221 natura
3048 5168 3214 5221 movit
3252 5181 3318 5221 ea
3352 5181 3459 5221 na-

1869 5275 2011 5333 tura,
2044 5274 2096 5321 et
2126 5266 2206 5320 vis
2255 5264 2595 5332 ﬁrmamenti,
2655 5264 2726 5319 ad
2777 5264 3085 5320 faciendam
3124 5265 3465 5320 voluntatem

1862 5362 1921 5411 ‘et
1948 5355 2255 5427 jussionem
2284 5354 2402 5408 Dei.
2428 5352 2669 5424 Cumque
2690 5353 2771 5409 vis
2792 5351 3123 5408 ﬁrmamenti
3153 5352 3231 5408 sic
3279 5369 3346 5407 ea
3392 5355 3464 5409 ad

1868 5445 2105 5501 invicem
2137 5451 2333 5500 cuncta
2364 5442 2646 5507 movisset,
2680 5442 2966 5498 commista
2994 5445 3202 5513 pariter
3236 5450 3289 5496 et
3320 5459 3459 5499 con-

1868 5545 2057 5613 juncta
2086 5543 2227 5598 inter
2258 5559 2317 5598 se
2346 5550 2490 5610 sunt,
2525 5550 2575 5597 et
2608 5559 2674 5596 ex
2704 5542 2824 5612 ipsa
2850 5557 3039 5597 eorum
3084 5541 3466 5599 commistione

1874 5632 2059 5706 genita
2081 5640 2205 5687 sunt
2225 5631 2330 5687 alia
2346 5632 2559 5686 minora
2581 5645 2835 5701 corpora,
2858 5630 3177 5697 inanimato,
3223 5631 3468 5687 animata

1877 5729 1929 5775 et
1958 5721 2240 5775 animalia.
2280 5720 2573 5774 Inanimata
2607 5720 2852 5790 quidem,
2885 5727 2942 5774 ut
2985 5720 3196 5790 lapides
3242 5726 3294 5775 et
3344 5735 3468 5775 me-

1878 5810 2029 5875 talla,
2066 5810 2281 5880 aliaque
2331 5825 2454 5881 qua;
2510 5808 2655 5863 intra
2713 5817 2917 5863 terram
2971 5809 3313 5865 continentur
3364 5823 3469 5863 nec

1878 5906 2150 5965 crescunt,
2185 5905 2241 5953 ut
2270 5898 2455 5954 vivum
2480 5906 2792 5969 argentum,
2850 5897 3099 5968 sulphur,
3131 5904 3185 5950 et
3229 5902 3468 5959 caetera;
