3966 6396
514 438 615 494 363

1442 434 1646 490 PETRI
1687 434 2039 491 ALPIIONSI
2076 434 2178 491 EX
2213 434 2458 492 10οίΕο
2498 435 2894 492 CHRISTIANI

3757 438 3870 491 364

516 553 756 609 animata
787 571 937 623 vero,
960 562 1018 611 ut
1040 553 1271 609 arbores
1291 557 1345 607 et
1372 550 1594 620 herbae;
1637 550 1896 605 animalia
1940 558 2116 605 autem
2147 552 2203 613 Α
2234 550 2374 606 seris
2403 558 2590 617 totam,
2609 551 2853 623 nunquid
2872 552 3049 607 omnia
3071 568 3181 608 uno
3206 552 3513 623 eodemque
3562 551 3869 623 temporis

519 651 573 698 et
600 642 957 713 irrationalia,
989 651 1045 699 ut
1076 643 1249 705 bruta,
1284 649 1332 695 et
1365 639 1648 708 rationale,
1716 639 1773 694 id
1828 648 1911 695 est
1955 641 2119 696 homo

523 739 616 812 qui
647 739 823 797 factus
852 748 935 795 est
964 748 1087 811 post
1134 738 1336 793 omnia.
1398 735 1590 792 Omnis
1645 736 1813 809 igitur
1865 746 2121 792 creatura

520 827 805 883 exordium
837 828 1001 899 carpit
1024 828 1091 882 ab
1121 825 1415 880 universali
1445 826 1644 891 anima,
1699 833 1752 880 et
1798 826 2122 881 terminatur

521 915 577 971 in
606 917 826 972 homine
854 916 1125 987 gradatim
1155 915 1227 969 ab
1256 929 1368 969 uno
1399 913 1454 967 in
1484 913 1629 968 aliud
1666 915 1930 986 migrans.
1985 914 2122 969 Sunt

521 1012 691 1083 igitur
722 1013 899 1068 anima
922 1020 1085 1083 atque
1106 1011 1335 1067 materia
1366 1010 1597 1081 simplae,
1640 1020 1695 1066 et
1714 1011 1957 1067 omnium
1994 1013 2122 1066 sub-

521 1102 795 1172 iectorum
824 1100 1088 1156 ineffabili
1121 1101 1321 1155 summi
1345 1100 1621 1155 Creatoris
1636 1100 1963 1169 disponente
2002 1116 2126 1170 pro-

528 1194 768 1249 videntia
800 1194 1080 1250 factrices.
1117 1192 1393 1263 Quidquid
1426 1200 1609 1246 autem
1656 1193 1725 1246 ab
1776 1193 1860 1247 his
1896 1192 2125 1249 inferius

526 1285 626 1344 est,
659 1279 883 1351 superni
911 1278 1141 1333 rectoris
1200 1277 1459 1333 voluntati
1516 1278 1927 1348 obtemperans,
1999 1277 2127 1333 facti

526 1367 735 1439 pariter
765 1376 818 1423 et
848 1367 1102 1423 facientis
1134 1374 1280 1421 tenet
1328 1365 1588 1420 ofﬁcium.
1642 1367 1933 1436 Singulum
1982 1367 2128 1422 enim

528 1472 716 1512 eorum
748 1462 801 1512 et
832 1454 941 1511 ﬁta
974 1471 1075 1511 suo
1113 1454 1405 1526 superiori,
1439 1461 1492 1509 et
1522 1453 1650 1510 facit
1694 1472 1851 1510 suum
1898 1454 2129 1510 inferius

523 1554 621 1609 ita.
662 1554 816 1611 Unde
847 1562 902 1609 et
929 1554 996 1609 de
1028 1554 1240 1609 eisdem
1285 1553 1462 1608 David
1493 1555 1764 1625 propheta
1784 1554 1855 1609 ita
1885 1537 2132 1625 praecinit

523 1643 716 1701 dicens
748 1660 761 1697 :
797 1643 1123 1699 Benedicite
1155 1644 1415 1710 Domino,
1448 1646 1641 1699 omnia
1670 1660 1839 1716 opera
1877 1645 2017 1708 eius,
2067 1646 2131 1700 in

524 1733 821 1788 omntloco
851 1732 1262 1788 dominationis
1309 1732 1429 1801 ejus
1464 1733 1639 1801 (Psal.
1684 1734 1800 1802 cu).
1844 1734 1925 1787 Ea
1966 1732 2133 1788 etiam

525 1820 710 1877 omnia
737 1820 865 1877 licet
895 1820 1131 1887 diversa,
1160 1820 1230 1875 ita
1263 1827 1449 1875 tamen
1486 1821 1667 1876 divina
1705 1822 1988 1894 restringit
2027 1837 2132 1893 po-

525 1918 712 1984 tentia,
744 1926 801 1973 ut
829 1917 882 1972 in
912 1917 1059 1973 nullo
1088 1919 1307 1988 penitus
1337 1918 1441 1972 sibi
1490 1919 1785 1991 pugnantia
1843 1919 2136 1974 videantur

522 2014 617 2063 aut
647 2007 895 2062 dissona.
934 2005 1092 2075 Quod
1121 2006 1254 2061 item
1286 2007 1460 2061 David
1486 2007 1594 2063 alio
1637 2008 1761 2063 loco
1811 2009 1889 2064 sic
1936 2006 2131 2063 testiﬁ-

522 2102 677 2153 catur
704 2095 920 2153 dicens:
941 2096 1198 2152 Laudent
1213 2112 1414 2152 nomen
1429 2096 1672 2162 Domini,
1696 2098 1956 2170 quiaipse
1976 2098 2133 2153 dixit

525 2204 583 2255 et
600 2200 760 2270 facta
776 2199 1061 2269 sunt,ipse
1073 2198 1370 2253 mandavit
1393 2202 1448 2253 et
1463 2210 1655 2255 creata
1670 2201 2050 2257 sunt.Slatuit
2064 2216 2130 2257 ea

519 2289 583 2344 in
600 2288 958 2351 :wcutum,et
989 2288 1049 2341 in
1063 2288 1334 2343 saxulum
1355 2289 1920 2361 seculipraecaptum
1937 2290 2129 2360 posuit

522 2381 711 2433 etnon
728 2376 1050 2449 praeteribit
1074 2377 1250 2444 (Psat.
1276 2378 1525 2446 CXLvm).
1551 2377 1660 2432 Sed
1706 2379 2130 2449 unumquodque

519 2478 840 2535 inferiorum
889 2477 1190 2548 superioris
1234 2485 1487 2549 respectu
1535 2479 1809 2550 simplum,
1858 2480 2130 2536 inferioris

522 2583 655 2623 vero
686 2567 888 2621 dicitur
916 2566 1308 2637 compositum.
1342 2567 1555 2637 Corpus
1602 2572 1787 2623 autem
1837 2570 2128 2624 humanum

521 2654 668 2727 quod
699 2654 957 2710 omnibus
978 2654 1210 2709 inferius
1236 2663 1318 2710 est
1348 2671 1413 2710 eo
1444 2655 1592 2727 quod
1620 2657 1724 2711 sub
1755 2673 1821 2712 eo
1868 2657 1999 2712 nihil
2047 2662 2130 2715 est

520 2744 590 2798 ad
621 2744 765 2816 quod
796 2744 1053 2813 simplum
1085 2743 1317 2809 dicatur,
1348 2760 1412 2799 ex
1465 2753 1577 2800 toto
1616 2746 1980 2817 compositum
2020 2763 2127 2802 non

521 2840 794 2897 immerito
824 2840 1035 2904 dicitur,
1070 2840 1356 2913 factusque
1413 2850 1498 2897 est
1549 2842 1714 2898 homo
1774 2845 1839 2900 de
1894 2845 2130 2916 simplici

517 2939 740 2997 omnino
769 2947 1040 3004 creatura,
1075 2939 1220 2994 idem
1269 2939 1453 2995 anima
1510 2949 1563 2996 et
1616 2956 1850 3013 corpore
1906 2945 2129 3001 omnino

512 3029 837 3099 composito.
871 3027 1113 3084 Perfudit
1145 3028 1329 3100 itaque
1375 3045 1500 3084 eum
1549 3037 1602 3085 et
1644 3029 1938 3087 illustravit
1979 3034 2128 3089 Deus

510 3133 627 3173 sua:
657 3116 997 3174 celsitudinis
1022 3116 1307 3187 sapientia,
1339 3133 1438 3189 per
1467 3134 1631 3189 quam
1661 3131 2022 3193 cognosceret
2077 3130 2130 3177 et

511 3220 853 3276 discerneret
882 3219 1093 3275 omnia.
1135 3220 1295 3275 Facta
1322 3229 1406 3275 est
1434 3220 1600 3293 igitur
1628 3222 1841 3292 species
1890 3225 2125 3280 hominis

504 3308 653 3364 inter
679 3324 872 3365 omnes
902 3308 1118 3379 species
1151 3308 1470 3364 animalium
1492 3309 1706 3377 melior,
1726 3312 2121 3392 etelegantior,

509 3404 562 3452 et
592 3398 646 3452 in
677 3397 934 3454 omnibus
962 3397 1330 3468 prastantior.
1357 3398 1514 3454 Unde
1543 3398 1690 3453 haud
1719 3399 1917 3471 injuste
1946 3403 2129 3459 minor

512 3486 752 3544 mundus
788 3493 1039 3543 vocatur.

587 3639 839 3696 Moyses.
870 3637 1003 3693 Rem
1027 3634 1307 3692 difﬁcilem
1334 3643 1387 3692 et
1413 3636 1602 3693 multis
1632 3638 1921 3695 obscuram
1965 3648 2126 3714 atque

523 3729 788 3802 ignotam,
820 3725 1098 3782 luculento
1129 3734 1182 3780 et
1212 3726 1348 3781 satis
1370 3734 1561 3799 aperto
1592 3742 1845 3785 sermone
1892 3731 2125 3786 demon-

509 3817 710 3886 strasti,
731 3818 962 3888 jamque
989 3814 1059 3871 de
1090 3815 1195 3869 tuis
1226 3814 1411 3870 verbis
1442 3816 1579 3881 istis,
1614 3817 1744 3887 quid
1776 3820 1995 3891 Moyses
2026 3836 2124 3891 po-

515 3906 682 3963 tuerit
711 3905 1027 3975 signiﬁcare
1057 3904 1110 3957 in
1141 3903 1410 3975 principio
1439 3904 1563 3959 libri
1602 3906 1885 3962 Geneseos
1931 3925 2127 3964 secun-

511 3998 646 4052 dum
678 3993 1079 4065 philosophiam
1111 4000 1302 4063 aperte
1341 3992 1608 4066 intelligo.
1667 3996 1754 4050 Ait
1808 3997 1996 4054 enim:
2060 4000 2124 4054 In

513 4084 797 4159 principio
816 4084 1032 4138 creauit
1056 4083 1192 4137 Deus
1208 4083 1409 4137 cretum
1421 4086 1477 4137 et
1492 4087 1706 4139 terram
1729 4086 1889 4151 (Gen.
1914 4088 2126 4156 I),idem

516 4174 757 4229 animam
784 4170 1164 4226 universalem
1193 4178 1359 4241 atque
1377 4172 1684 4227 materiam.
1734 4173 2127 4247 Gradatimque

520 4276 714 4318 omnes
742 4257 1081 4316 enumeravit
1112 4266 1411 4324 creaturas,
1437 4260 1615 4316 donec
1644 4264 1890 4331 pervenit
1915 4265 1979 4319 ad
2021 4266 2128 4321 ho-

523 4350 750 4416 minem,
783 4347 875 4419 qui
905 4363 1006 4416 per
1034 4347 1243 4402 dierum
1273 4349 1686 4405 successionem
1707 4361 1862 4409 sexto
1907 4355 2125 4411 tandem

524 4439 615 4494 die
642 4445 727 4494 est
756 4443 989 4493 creatus.
1026 4435 1135 4491 Sed
1168 4435 1223 4490 in
1262 4437 1366 4492 hoc
1416 4437 1520 4492 alia
1575 4440 1897 4510 quibusdam
1950 4444 2126 4499 Deum

525 4526 712 4585 mundi
742 4526 1058 4582 Creatorem
1089 4540 1214 4581 esse
1241 4525 1469 4582 minime
1497 4528 1867 4597 credentibus,
1902 4535 2129 4604 questio

2225 648 2334 704 ictu
2367 646 2829 721 liquefient‘lNon
2861 650 3064 723 utique,
3096 650 3194 705 sed
3242 651 3395 721 prius
3444 666 3599 719 cera,
3649 658 3864 720 postea

2226 737 2336 808 pix,
2370 738 2567 792 dehinc
2597 746 2871 804 stannum,
2890 738 3621 811 deincepsplumbum,post
3642 754 3758 805 aes,
3788 739 3863 793 ad

2230 826 2476 880 ultimum
2510 831 2715 881 terrum
2746 827 2989 899 liqueﬁet
3041 830 3283 899 Imputas
3327 828 3495 899 igitur
3548 829 3664 883 hoc
3698 828 3863 899 ignis

2229 911 2592 983 virtuti,quod
2622 912 2729 966 alia
2760 914 2882 967 aliis
2929 913 3089 969 citius
3142 912 3438 985 liqueﬁunt,
3504 928 3577 968 an
3641 928 3857 969 eorum

2229 1010 2397 1065 variae
2420 1010 2647 1064 ascribis
2678 1011 2947 1066 debilitati
2977 1012 3005 1067 ‘l

2302 1117 2552 1171 Morsas.
2588 1117 2851 1173 Virtutem
2882 1118 3023 1188 ignis
3053 1117 3297 1173 eamdem
3330 1133 3451 1173 esse
3479 1133 3619 1191 erga
3646 1118 3853 1173 omnia

2232 1221 2395 1260 nemo
2426 1205 2653 1270 dubitat,
2681 1207 2774 1261 sed
2798 1223 2987 1261 eorum
3019 1223 3140 1278 quae
3171 1206 3421 1262 molliora
3469 1214 3597 1261 sunt
3642 1207 3838 1274 citius,

2235 1310 2357 1365 quae
2387 1310 2518 1349 vero
2549 1294 2771 1349 duriora
2801 1296 3005 1349 tardius
3036 1293 3342 1367 liquefiunt.

2310 1400 2556 1455 PKTRUS.
2592 1402 2798 1456 Eodem
2829 1402 2992 1456 modo
3025 1401 3368 1457 in-creaturis
3385 1401 3567 1456 mundi
3585 1417 3700 1457 non
3723 1401 3851 1457 alia

2237 1489 2307 1544 de
2340 1504 2501 1543 causa
2534 1498 2610 1544 tot
2637 1489 2845 1544 dierum
2866 1491 3113 1545 transivit
3142 1506 3320 1556 mora,
3353 1489 3457 1544 nisi
3509 1490 3643 1561 quia
3674 1508 3850 1563 quae-

2237 1586 2362 1641 dam
2394 1602 2581 1641 earum
2613 1586 2877 1642 tardiores
2908 1586 3058 1642 fuere
3087 1586 3140 1641 in
3172 1588 3514 1659 suscipienda
3543 1588 3748 1644 forma.

2311 1704 2559 1759 Morsas.
2594 1703 2959 1759 Dubitationis
2991 1719 3179 1759 errore
3207 1704 3417 1761 sublato
3440 1705 3555 1774 jam
3589 1702 3850 1760 veritatis

2240 1792 2426 1847 lumen
2455 1792 2686 1863 aspicio.

2163 1912 2218 1973 Β
2315 1891 2561 1945 Paraus.
2594 1892 2798 1961 Aperta
2827 1890 2961 1945 satis
2991 1898 3045 1947 et
3085 1887 3244 1944 ﬁrma
3297 1889 3515 1946 cuilibet
3570 1898 3657 1945 est
3716 1889 3845 1945 haec

2238 1980 2435 2045 oratio,
2465 1995 2625 2052 quam
2649 1987 2703 2035 et
2732 1987 3183 2051 argumentorum
3216 1986 3268 2034 et
3315 1978 3537 2034 rationis
3584 1978 3843 2050 undique

2236 2067 2387 2123 fulcit
2418 2068 2683 2138 probatio.
2718 2068 2827 2124 Sed
2857 2068 3025 2123 vestri
3056 2068 3326 2135 doctores,
3358 2067 3484 2122 dum
3514 2067 3569 2121 in
3588 2068 3841 2139 quibus-

2237 2159 2364 2213 dam
2394 2158 2748 2227 pertinaciter
2774 2157 2929 2212 nobis
2958 2156 3224 2212 obsistere
3244 2156 3650 2227 conantur,ipsi
3664 2156 3839 2211 etiam

2239 2246 2347 2301 sibi
2376 2246 2632 2302 contrarii
2662 2247 3038 2303 inveniuntur.

2309 2364 2562 2419 Morsss.
2597 2363 2724 2418 Mihi
2754 2362 2938 2429 velim,
2973 2361 3018 2417 si
3071 2361 3272 2433 placet,
3304 2360 3521 2417 ostendi
3574 2360 3836 2434 quisnam

2243 2467 2395 2508 error
2424 2452 2526 2506 iste
2556 2452 2650 2506 sit.

2310 2542 2553 2598 Partitis.
2587 2542 2783 2596 Dicunt
2809 2540 2952 2596 enim
2981 2541 3127 2612 quod
3164 2541 3330 2608 Deus,
3360 2556 3482 2597 cum
3511 2537 3832 2595 ﬁrmamen-

2239 2639 2351 2685 tum
2378 2630 2675 2695 constituit,
2708 2628 2977 2701 perﬁcere
3028 2631 3247 2702 penitus
3302 2629 3492 2685 nolens
3534 2629 3828 2697 cujusdam

2237 2721 2421 2792 magni
2453 2719 2731 2774 foraminis
2760 2718 2995 2789 spatium
3024 2719 3079 2772 in
3104 2717 3511 2787 septentrionali
3542 2727 3697 2787 parte
3714 2717 3827 2771 im-

2238 2810 2533 2881 perfectum
2564 2809 2798 2879 reliquit.
2826 2808 2983 2876 Quod
3005 2808 3076 2863 ob
3089 2809 3193 2863 hoc
3216 2807 3467 2863 videlicet
3486 2822 3608 2862 eum
3626 2804 3826 2862 fecisse

2238 2906 2578 2966 asseverant,
2611 2907 2663 2953 ut
2693 2897 2739 2952 si
2796 2897 2918 2969 quis
2970 2896 3263 2967 aliquando
3315 2912 3614 2967 exsurgens
3664 2903 3716 2950 et
3774 2894 3824 2950 ei

2237 2987 2504 3060 aequalem
2531 3002 2592 3041 se
2625 2986 2831 3042 faciens
2862 2987 3034 3041 Deum
3065 3001 3189 3041 esse
3219 3001 3278 3040 se
3293 2985 3520 3053 diceret,
3543 2984 3660 3055 ipse
3676 2984 3825 3038 Deus

2237 3076 2382 3130 illius
2412 3076 2568 3146 spatii
2599 3074 2985 3146 perfectionem
3018 3073 3067 3130 ei
3093 3083 3391 3144 apponeret
3418 3074 3640 3129 dicens:
3688 3094 3711 3121 ι
3764 3072 3823 3128 Si

2239 3166 2386 3220 Deus
2417 3181 2478 3219 es
2510 3173 2567 3219 ut
2599 3180 2724 3237 ego,
2756 3162 2942 3219 locum
2973 3163 3124 3218 illum
3153 3163 3348 3219 claude
3378 3163 3423 3217 si
3452 3170 3624 3234 potes,
3658 3177 3821 3233 quem

2156 3272 2204 3336 α
2236 3270 2480 3332 apertum
2504 3260 2695 3332 reliqui
2713 3276 2837 3332 ego.
2868 3282 2889 3308 ι
2917 3260 3033 3316 Hoc
3063 3267 3242 3315 autem
3262 3275 3422 3331 quam
3444 3268 3632 3330 patens
3658 3274 3816 3315 men-

2237 3350 2451 3405 dacium
2482 3351 2568 3416 sit,
2603 3350 2805 3403 nullius
2835 3349 2977 3404 oculi
3007 3349 3181 3404 aciem
3202 3348 3355 3405 latet.
3377 3347 3817 3419 Septentrionalis

2237 3440 2434 3495 etenim
2466 3438 2576 3509 poli
2604 3454 2760 3494 axem
2790 3438 3111 3493 altissimum
3143 3454 3363 3508 semper
3389 3454 3551 3508 super
3581 3452 3698 3501 nos,
3717 3451 3818 3492 nec

2236 3545 2469 3600 unquam
2501 3527 2763 3583 occultari
2793 3526 3181 3597 conspicimus,
3213 3527 3498 3598 ipsumque
3526 3535 3688 3579 totum
3726 3524 3815 3578 in-

2236 3625 2450 3690 tegrum
2474 3618 2890 3688 perfectumque
2952 3616 3229 3671 videmus.
3299 3615 3602 3686 Perpendis
3655 3613 3815 3687 igitur

2235 3723 2394 3778 quam
2426 3705 2745 3761 manifestus
2778 3706 2844 3759 sit
2877 3719 3028 3760 error
3056 3704 3157 3760 iste
3178 3705 3207 3760 τ

2305 3797 2551 3851 Movsas.
2570 3795 2850 3865 Perpendo
2866 3792 3105 3866 quidem,
3128 3794 3334 3849 ethunc
3354 3808 3658 3848 sermonem
3670 3791 3812 3847 omni

2234 3884 2460 3940 rationis
2491 3886 2681 3956 vigore
2711 3884 3023 3939 destitutum
3052 3897 3356 3955 cognosco.

2306 3987 2551 4041 Paraus.
2584 3987 2782 4040 Nonne
2812 3983 2990 4040 adhuc
3020 3983 3358 4039 mendacium
3389 3983 3530 4055 quod
3560 3984 3625 4039 de
3672 3984 3808 4040 Core

2235 4073 2480 4129 clavibus
2509 4073 2905 4137 conﬁnxerunt,
2931 4072 3101 4127 multo
3132 4071 3470 4128 inltonestius
3527 4079 3579 4128 et
3631 4072 3810 4127 absur-

2235 4163 2358 4218 dius
2389 4172 2471 4217 est
2499 4162 2528 4217 ?

2310 4264 2558 4316 Movsas.
2592 4259 2713 4330 Quo
2745 4267 2904 4331 pacto
2935 4259 3030 4314 tibi
3062 4260 3276 4315 mentiri
3315 4260 3565 4315 videntur
3585 4261 3611 4315 ἵ

2311 4353 2556 4406 Paravs.
2584 4351 2847 4404 Dixerunt
2870 4357 2925 4403 ut
2954 4348 3182 4420 ipsemet
3206 4350 3629 4421 nosti,quouiam
3656 4349 3803 4416 Core,

2237 4442 2365 4496 dum
2388 4456 2627 4496 eremum
2665 4454 2789 4494 cum
2822 4439 3006 4509 Moyse
3038 4446 3090 4493 et
3121 4437 3246 4492 ﬁliis
3276 4437 3447 4493 Israel
3504 4438 3805 4510 praeteriret,

2237 4555 2509 4603 trecentos
2534 4543 3029 4600 habebatcamelos
3041 4552 3286 4609 onustos,
3313 4542 3444 4597 nihil
3463 4543 3604 4598 aliud
3636 4542 3805 4598 feren-

529 4618 721 4681 oritur,
753 4630 877 4688 qum
906 4614 1031 4670 talis
1060 4622 1144 4670 est
1173 4634 1192 4670 :
1223 4613 1278 4669 Si
1307 4615 1508 4681 omnia,
1544 4616 1814 4689 inquiunt,
1856 4623 2129 4678 mundana

2251 4647 2325 4691 tes
2357 4635 2460 4690 nisi
2486 4635 2632 4689 solas
2653 4634 2837 4689 claves
2867 4634 3109 4687 thesauri
3132 4633 3397 4702 ejusdem,
3422 4649 3541 4703 quae
3561 4632 3726 4688 claves
3743 4633 3807 4689 de

529 4723 640 4763 non
672 4721 769 4777 per
798 4721 859 4759 se
888 4712 1013 4759 sunt
1042 4711 1249 4770 creata,
1279 4703 1378 4758 sed
1434 4704 1577 4761 alius
1630 4716 1714 4761 est
1768 4709 1992 4766 Creator
2044 4714 2142 4784 qui

536 4803 734 4853 cuncta
764 4792 1062 4859 creaverit,
1085 4807 1209 4849 cum
1231 4792 1348 4863 ipse
1380 4801 1438 4848 ut
1466 4794 1647 4850 dicitis
1670 4798 2015 4868 omnipotens
2047 4802 2134 4872 sit,

530 4902 629 4945 cur
656 4885 777 4941 hec
802 4882 985 4940 omnia
1013 4896 1124 4937 non
1153 4880 1210 4936 in
1241 4898 1373 4949 uno,
1407 4884 1505 4938 sed
1536 4883 1592 4938 in
1622 4887 1704 4939 tOt
1729 4886 1934 4942 dierum
1963 4890 2140 4960 spatio

530 4973 811 5050 paulisper
837 4970 1115 5041 operando
1131 4970 1476 5041 complevit?
1494 4973 1577 5027 Ad
1598 4974 1715 5029 haec
1736 4976 1865 5048 quid
1906 4994 2139 5050 respon-

530 5064 648 5123 deri
675 5062 892 5129 debeat,
924 5059 1201 5130 conjicere
1230 5059 1445 5117 nescio.

607 5209 847 5264 Pmus.
875 5203 999 5259 Non
1030 5201 1230 5274 patitur
1259 5201 1397 5259 ratio
1428 5212 1503 5268 ut,
1527 5205 1782 5279 quoniam
1814 5223 1923 5264 una
1980 5224 2140 5266 crea-

536 5306 661 5354 tura
688 5293 902 5352 tardius
932 5299 1015 5349 est
1044 5299 1230 5348 creata
1263 5308 1432 5364 quam
1461 5293 1586 5362 alia,
1621 5295 1745 5352 ideo
1767 5313 2010 5354 summus
2040 5315 2138 5356 ea-

533 5402 652 5443 rum
678 5386 906 5442 Creator
928 5381 1109 5437 minus
1130 5390 1323 5453 potens
1340 5383 1607 5441 credatur.
1650 5386 1841 5458 Neque
1891 5389 2034 5444 enim
2083 5389 2137 5444 in

530 5474 637 5531 hoc
649 5473 771 5544 ejus
789 5470 884 5527 fuit
896 5470 1337 5541 impotentia,sed
1360 5472 1487 5543 quia
1504 5470 1748 5543 ipsarum
1760 5483 2137 5533 creaturarum

531 5562 700 5618 altera
716 5558 1128 5623 mollior,altera
1138 5559 1326 5615 durior
1340 5560 1500 5616 fuitin
1516 5563 1864 5633 suscipienda
1877 5581 1981 5621 sua
1991 5582 2141 5623 crea-

534 5647 683 5704 tione
706 5653 761 5703 et
784 5644 978 5713 forma,
1000 5646 1166 5701 veluti
1183 5646 1228 5701 si
1251 5647 1489 5719 accipias
1509 5665 1738 5705 massam
1760 5669 1926 5709 unam
1957 5655 2009 5709 in
2034 5672 2139 5727 qua

536 5736 767 5803 ferrum,
800 5749 895 5798 aes,
926 5740 979 5788 et
1009 5733 1308 5805 plumbum,
1343 5745 1616 5805 stannum,
1653 5741 1763 5811 pix,
1798 5750 1850 5798 et
1880 5758 2011 5799 cera
2059 5745 2137 5799 si-

536 5823 649 5878 mul
679 5821 790 5875 sint
818 5820 1017 5891 posita,
1048 5830 1101 5875 et
1129 5823 1271 5877 hanc
1300 5839 1540 5879 massam
1584 5842 1647 5881 ex
1706 5832 1962 5885 omnibus
2019 5832 2138 5889 istis

539 5909 906 5976 commistam,
934 5922 1045 5965 uno
1071 5909 1376 5982 eodemque
1399 5922 1678 5972 momento
1705 5917 1761 5973 in
1798 5918 1988 5991 ignem
2028 5923 2136 5978 mi-

2249 4739 2543 4780 vaccarum
2564 4722 2817 4795 corrigiis
2841 4720 2994 4778 factae
3011 4729 3163 4777 erant
3185 4736 3395 4787 omnes,
3419 4729 3476 4776 ut
3494 4721 3657 4776 levius
3688 4721 3804 4776 ferri

2249 4821 2494 4886 possent.
2527 4812 2917 4883 Computemus
2947 4826 3080 4882 ergo
3111 4811 3157 4865 si
3187 4811 3380 4882 placet,
3410 4825 3443 4865 ο
3491 4811 3705 4880 Moyses,
3757 4817 3807 4865 et

2250 4911 2429 4958 utrum
2460 4903 2564 4957 hoc
2594 4910 2745 4955 stare
2774 4900 2947 4971 possit
2975 4900 3284 4955 videamus.
3325 4900 3526 4954 Demus
3555 4899 3620 4953 ad
3646 4899 3803 4953 minus

2246 5004 2399 5060 librae
2427 5021 2523 5060 sex
2554 5004 2828 5066 claves,et
2841 5003 2985 5074 quod
3004 5001 3236 5073 quisque
3269 5001 3509 5058 camelus
3538 5000 3605 5056 ad
3646 5000 3802 5056 minus

2248 5102 2534 5150 sexcentas
2555 5093 2735 5148 tulerit
2766 5091 2958 5158 libras,
2989 5099 3257 5162 eruntque
3286 5090 3469 5147 claves
3523 5106 3649 5159 quas
3680 5107 3802 5146 unus

2250 5182 2495 5239 camelus
2525 5181 2754 5247 ferebat,
2789 5180 2892 5235 tria
2922 5179 3093 5235 millia
3122 5189 3417 5235 sexcentis.
3451 5179 3597 5235 Fient
3645 5180 3801 5253 itaque

2249 5282 2433 5338 claves
2463 5296 2561 5335 ccc
2590 5278 3154 5345 camelorum,|n.xxx
3186 5277 3379 5331 millia.
3411 5277 3517 5333 Sed
3547 5294 3657 5333 cum
3676 5295 3799 5350 quai-

2250 5387 2356 5443 que
2385 5370 2553 5426 clavis
2582 5369 2648 5423 ad
2679 5369 2857 5422 minus
2889 5368 3047 5422 unius
3076 5368 3143 5421 sit
3164 5381 3325 5434 arcae,
3372 5374 3502 5438 quot
3545 5375 3659 5421 sunt
3698 5368 3797 5423 cla-

2249 5477 2365 5527 ves,
2400 5459 2623 5515 totidem
2653 5456 2846 5528 procul
2878 5457 3045 5512 dubio
3076 5464 3232 5511 erunt
3286 5461 3339 5511 et
3395 5471 3561 5511 arcte.
3622 5457 3796 5511 Dentur

2249 5565 2433 5635 itaque
2464 5561 2662 5633 cuique
2681 5559 2893 5615 camelo
2923 5556 2990 5614 ad
3022 5557 3202 5613 minus
3231 5558 3351 5614 duae
3381 5573 3542 5624 arcte,
3576 5566 3625 5612 et
3665 5566 3796 5614 emat

2247 5652 2441 5710 cameli
2462 5666 2618 5707 arcas
2639 5649 2876 5705 ferentes
2889 5649 3186 5721 quingenta
3201 5655 3253 5702 et
3265 5646 3621 5719 quadraginta
3638 5647 3791 5703 millia.

2249 5742 2356 5799 Sed
2401 5750 2454 5797 et
2510 5738 2810 5795 secundum
2856 5736 3303 5793 consuetudinem
3358 5735 3581 5790 divitum
3635 5737 3793 5808 quibus

2247 5830 2431 5903 major
2457 5844 2591 5886 cura
2620 5829 2690 5883 de
2719 5826 3090 5883 custodiendis
3121 5825 3325 5880 divitiis
3356 5832 3459 5889 est,
3500 5825 3713 5894 Oportuit
3736 5825 3792 5881 ad

2247 5920 2429 5977 minus
2458 5919 2597 5977 duos
2627 5916 2868 5975 camelos
2910 5931 3078 5973 unum
3130 5914 3333 5972 habere
3386 5914 3671 5983 custodem,
3718 5915 3792 5988 qui
