3966 6398
152 439 264 492 365

1651 436 1966 494 DIALOGI.

3360 441 3462 496 366

153 563 451 617 thesauros
478 575 601 616 cum
632 577 844 616 summa
873 575 1099 617 servans
1129 558 1428 633 diligentia,
1473 560 1559 614 vix
1593 560 1750 615 etiam
1784 563 1840 625 Α
1867 571 2012 618 esset
2044 566 2278 634 Moyses,
2315 565 2487 636 virgae
2518 567 2700 619 tamen
2738 565 3019 619 summitas
3051 581 3162 637 qua
3186 580 3309 620 eum
3331 580 3462 635 per-

153 651 507 717 dormitaret,
543 651 990 722 invenienturque
1015 650 1351 705 camelorum
1371 650 1624 705 custodes
1655 651 1763 704 du-

154 758 319 804 centa
353 758 405 804 et
433 748 799 822 quadraginta
830 749 1018 803 millia.
1058 749 1221 802 Libro
1261 752 1443 802 autem
1475 758 1763 805 attestante

157 838 474 908 didicimus,
536 839 812 909 quomodo
845 837 1123 893 exercitus
1159 837 1297 891 Core
1341 854 1439 906 per
1488 839 1679 893 domos
1709 834 1763 894 ει

158 928 522 994 cognationes
556 936 607 981 et
639 928 867 981 familias
926 943 1073 993 suas,
1124 941 1231 979 non
1280 935 1432 980 erant
1487 927 1590 981 nisi
1637 936 1761 983 octo

156 1016 332 1070 millia
356 1017 622 1071 sexcenti.
662 1017 799 1071 Huic
828 1017 1005 1071 simile
1036 1031 1141 1070 non
1199 1017 1377 1070 minus
1410 1015 1755 1070 ridiculosum

157 1122 244 1166 est
277 1112 412 1166 illud
443 1114 586 1184 quod
601 1114 784 1168 dicunt
814 1114 1148 1180 liliis,scilice
1182 1117 1584 1184 Jacob,patrem
1600 1130 1754 1167 suum

156 1201 230 1254 ad
263 1202 574 1270 sepulcrum
622 1203 1138 1272 portantibus,ﬁlios
1161 1208 1301 1260 Esau
1319 1219 1476 1258 suum
1507 1202 1758 1257 similiter

155 1298 377 1359 patrem
403 1291 472 1344 ad
502 1291 809 1360 sepulcrum
828 1291 1139 1348 deferentes
1156 1311 1277 1350 cum
1290 1308 1488 1363 magno
1501 1292 1753 1347 comitatu

157 1378 240 1432 eis
254 1379 557 1434 occurrisse
582 1397 595 1432 :
615 1395 845 1450 cumque
867 1381 1116 1448 utrinque
1136 1399 1368 1454 magnus
1385 1389 1528 1436 esset
1544 1381 1753 1434 exerci-

157 1483 245 1529 tus
263 1482 319 1530 et
341 1476 573 1548 singulae
589 1487 769 1547 partes
788 1479 1093 1548 sepulcrum
1113 1481 1217 1534 sibi
1234 1480 1509 1534 vindicare
1530 1479 1748 1545 vellent,

153 1573 332 1627 filium
364 1574 480 1627 Dan
510 1583 747 1628 montem
778 1577 1099 1632 ascendisse
1130 1578 1342 1643 dicunt,
1367 1586 1418 1631 et
1440 1583 1597 1630 tanta:
1629 1590 1751 1629 ma-

154 1670 461 1742 gnitudinis
492 1672 810 1741 przecidisse
841 1672 1097 1744 lapidem,
1114 1683 1314 1745 quanta
1326 1673 1612 1728 multitudo
1627 1689 1750 1728 esse

155 1767 376 1829 poterat
406 1760 568 1813 totius
589 1761 865 1815 exercitus
904 1763 1066 1829 Esau,
1100 1763 1380 1833 ipsamque
1426 1762 1624 1816 molem
1655 1775 1749 1816 ca-

157 1847 258 1918 piti
290 1847 604 1917 impositam
635 1849 896 1917 attulisse,
933 1858 990 1904 ut
1019 1867 1185 1921 super
1213 1852 1445 1905 hostium
1495 1866 1748 1918 cuneum,

159 1952 289 1990 eum
313 1936 831 2006 projiciens,omnes
852 1954 959 1993 uno
991 1947 1360 2008 prosterneret
1377 1940 1753 2009 ictu.Cumque
1784 1919 1837 1977 B

162 2024 466 2079 adveniens
494 2025 612 2095 jam
637 2026 826 2080 ambos
872 2043 1076 2082 cuneos
1107 2029 1406 2083 concordes
1437 2027 1758 2095 invenisset,

162 2122 367 2176 molem
399 2137 561 2193 quam
612 2123 872 2178 attulerat
905 2124 957 2177 in
990 2141 1138 2179 mare
1185 2125 1418 2195 projicit,
1455 2124 1613 2194 cujus
1644 2140 1761 2177 ma-

165 2211 454 2278 gnitudine
485 2227 624 2280 aqua
653 2212 819 2266 maris
863 2213 1123 2266 terminos
1156 2229 1292 2267 suos
1327 2213 1763 2276 excedens,duas

166 2298 418 2353 civitates
447 2299 531 2352 sui
588 2299 850 2355 effusione
895 2302 1185 2366 subvertit,
1211 2310 1263 2356 et
1316 2302 1448 2371 ipsae
1480 2310 1600 2355 sunt
1633 2316 1768 2371 quas

169 2397 339 2466 longo
371 2404 614 2466 tempore
672 2407 790 2467 post
823 2401 1028 2453 Pharao
1059 2415 1159 2452 rex
1191 2398 1404 2469 Egypti
1428 2397 1567 2452 filios
1597 2397 1762 2451 Israel

166 2484 442 2539 aedificare
482 2487 759 2556 praecepit.
793 2489 1004 2554 Nonne,
1062 2504 1276 2559 quaeso,
1313 2491 1427 2542 haec
1456 2487 1768 2541 adinventio

171 2574 271 2629 tibi
324 2574 468 2641 juste
515 2591 725 2629 summo
776 2577 886 2629 risu
939 2576 1106 2644 digna
1137 2576 1351 2630 videtur
1385 2577 1412 2628 ‘2
1442 2575 1576 2629 Cum
1623 2575 1766 2629 enim

172 2671 343 2725 Jacob
373 2670 467 2725 filii
497 2671 813 2728 duodecim.
840 2673 1018 2729 adhuc
1048 2674 1420 2728 tantummodo
1452 2673 1765 2738 essent,viri

173 2760 325 2814 Esau
356 2760 580 2814 detribu
603 2778 696 2815 sua
722 2762 836 2829 jam
866 2763 1248 2834 quadringenti
1277 2763 1769 2817 existebant.Nunc

177 2847 349 2920 igitur
376 2865 608 2904 numero
638 2849 870 2905 ﬁliorum
928 2851 1095 2906 Jacob
1121 2859 1299 2914 aucto,
1333 2859 1531 2922 quanto
1586 2851 1768 2921 major

178 2936 471 2990 existimari
503 2946 680 3007 potest
703 2938 938 2993 filiorum
953 2939 1093 2992 Esau
1112 2955 1369 2992 numerus
1397 2937 1604 2993 fuisse?
1622 2940 1769 2993 Tan-

179 3033 288 3078 tam
321 3025 482 3096 igitur
507 3028 743 3096 oportuit
790 3043 977 3082 eorum
1007 3044 1130 3082 esse
1182 3027 1606 3092 multitudinem,
1642 3036 1769 3082 utet

181 3111 306 3166 filiis
336 3115 521 3180 Jacob,
580 3123 631 3170 et
661 3115 756 3170 toti
787 3116 1168 3188 IEgyptiorum
1198 3117 1352 3188 genti
1375 3132 1493 3186 quae
1519 3132 1643 3171 cum
1672 3117 1769 3170 Jo-

182 3212 317 3282 seph
342 3221 578 3279 venerat,
611 3215 880 3268 obsistere
911 3215 1193 3284 potuisset.
1225 3215 1381 3270 Nunc
1411 3214 1768 3284 igiturindica

183 3309 311 3381 quid
343 3312 533 3365 horum
565 3312 922 3366 admiratione
953 3312 1021 3366 sit
1053 3312 1294 3384 dignius,
1329 3312 1535 3366 scilicet
1567 3312 1650 3365 vel
1681 3311 1773 3364 ubi

181 3407 390 3452 tantum
422 3398 688 3455 invenerit
716 3409 980 3466 montem,
1016 3401 1099 3456 vel
1136 3416 1242 3470 quo
1274 3410 1458 3455 monte
1489 3408 1597 3454 tam
1631 3400 1780 3453 mirae

183 3488 572 3558 magnitudinis
609 3489 830 3555 molem,
881 3490 964 3544 vel
1021 3490 1294 3560 quomodo
1325 3489 1376 3543 in
1417 3489 1589 3558 capite
1648 3487 1779 3541 tanti

184 3576 450 3646 ponderis
490 3585 718 3646 gestare
750 3578 1018 3647 potuisset
1040 3577 1296 3648 lapidem,
1330 3586 1511 3632 uttam
1534 3591 1785 3648 magnam

186 3674 540 3735 prosternere
570 3675 757 3736 posset
788 3669 1220 3723 cohortem.i\’on
1254 3667 1432 3720 minus
1463 3666 1786 3736 stupendum

188 3771 272 3819 est
301 3763 430 3816 illud
462 3771 784 3827 monstrum,
834 3764 976 3833 quod
1011 3764 1097 3833 0g
1129 3780 1220 3818 rex
1278 3765 1452 3817 Basan
1483 3764 1674 3818 videns
1705 3763 1787 3816 in-

186 3860 407 3925 gentem
436 3851 730 3906 exercitum
762 3852 950 3916 Israel,
985 3860 1244 3906 sexcenta
1301 3851 1507 3906 scilicet
1540 3851 1708 3904 millia
1736 3859 1788 3905 et

190 3949 418 4012 quatuor
446 3941 632 4004 millia,
667 3948 718 3994 et
749 3941 1081 4012 quingentos
1116 3941 1264 3994 viros
1293 3956 1322 3997 a
1346 3941 1537 4012 viginti
1557 3941 1713 3994 annis
1733 3947 1788 3995 et

193 4052 376 4107 supra,
402 4037 645 4107 exceptis
676 4037 1001 4092 mulieribus
1030 4047 1082 4092 et
1110 4038 1353 4108 parvulis
1386 4038 1474 4108 qui
1505 4037 1784 4108 supputari

194 4149 303 4188 non
348 4142 616 4204 poterant,
648 4133 845 4188 molem
879 4133 1134 4188 inauditae
1190 4133 1580 4204 magnitudinis
1626 4133 1784 4203 capiti

194 4238 290 4277 suo
318 4222 591 4292 imposuit,
623 4230 675 4276 et
703 4239 826 4277 cum
842 4239 905 4277 ea
932 4222 1337 4292 expeditionem
1364 4230 1524 4276 totam
1541 4229 1785 4291 proster-

193 4327 324 4366 nere
353 4311 542 4376 voluit,
574 4311 671 4366 sed
703 4327 888 4381 upupa
916 4311 1030 4365 avis
1061 4312 1288 4364 minima
1320 4311 1446 4364 moli
1470 4310 1571 4380 ipsi
1592 4310 1782 4364 subse-

197 4409 290 4475 dit,
322 4417 374 4464 et
393 4417 500 4462 tam
532 4408 623 4462 diu
657 4417 831 4462 rostro
865 4423 962 4462 suo
1002 4423 1123 4462 eam
1153 4407 1396 4462 contudit
1419 4407 1601 4461 donec
1633 4406 1788 4460 fora-

197 4498 338 4552 mine
362 4513 560 4568 magno
583 4497 746 4566 juxta
775 4497 1120 4567 quantitatem
1152 4497 1341 4566 capitis
1370 4496 1612 4565 ejusdem
1645 4494 1788 4566 regis

1875 663 2061 709 cutere
2119 653 2448 719 intendebat,
2509 669 2852 726 nequaquam
2911 655 3135 708 ulterius
3193 653 3464 726 attingere

1873 752 2059 822 potuit,
2094 768 2256 822 quam
2287 751 2355 804 ad
2386 768 2508 804 eum
2523 752 2722 805 nodum
2758 768 2865 822 quo
2890 752 3274 822 surajungitur
3305 750 3453 821 pedi,

1873 869 1994 923 quae
2024 852 2185 921 vulgo
2215 851 2407 905 cavilla
2437 857 2675 905 vocatur.
2711 854 2770 906 In
2803 867 2909 922 quo
2941 851 3159 921 quidem
3183 866 3304 904 cum
3337 865 3462 902 eum

1872 941 2252 1010 percussisset,
2301 941 2562 995 continuo
2605 941 2809 995 cadens
2866 939 3178 1009 exspiravit.
3239 941 3299 992 In
3353 939 3458 993 hoc

1865 1054 2209 1108 cognoscere
2227 1037 2453 1108 quilibet
2475 1047 2647 1106 potest
2678 1037 2821 1107 quod
2847 1052 2878 1090 a
2902 1035 3088 1106 planta
3104 1037 3259 1106 pedis
3295 1051 3456 1106 quam

1864 1127 1919 1179 in
1948 1135 2092 1180 terra
2121 1124 2282 1179 fixam
2315 1126 2531 1180 tenebat
2579 1141 2752 1196 usque
2783 1125 2848 1178 ad
2881 1125 3080 1178 nodum
3114 1126 3166 1177 in
3185 1139 3290 1195 quo
3322 1139 3454 1194 per-

1862 1231 2053 1270 cussus
2085 1223 2184 1280 est,
2215 1215 2440 1285 triginta
2493 1215 2704 1268 cubitos
2737 1213 2996 1268 habebat.
3041 1213 3122 1266 Ab
3182 1229 3246 1267 eo
3286 1213 3452 1284 igitur

1861 1304 1983 1359 loco
2014 1321 2184 1374 usque
2232 1304 2301 1357 ab
2333 1319 2736 1367 summum,non
2760 1303 2937 1355 minus
2960 1317 3123 1372 quam
3155 1300 3453 1372 octingenti

1861 1393 2023 1447 cubiti
2053 1400 2220 1459 erant,
2256 1392 2546 1462 solumque
2595 1400 2754 1461 caput
2785 1391 2978 1445 decem
3039 1389 3236 1444 cubitis
3296 1389 3451 1443 facile

1859 1497 2115 1543 constare
2141 1496 2373 1559 poterat.
2407 1489 2558 1544 Unde
2590 1488 2833 1558 sequitur
2889 1487 3032 1558 quod
3061 1488 3177 1540 avis
3207 1485 3300 1540 illa
3329 1501 3452 1541 mo-

1859 1586 1962 1640 lem
1996 1587 2165 1656 ipsam
2195 1587 2382 1641 decem
2415 1585 2608 1640 cubitis
2624 1584 3019 1655 perforavit.In
3049 1599 3153 1655 quo
3168 1583 3306 1638 facto
3323 1590 3454 1654 quot

1858 1691 1982 1737 sunt
2013 1683 2481 1754 miranda,quidve
2536 1682 2714 1752 potius
2736 1681 2918 1745 mirer,
2976 1697 3100 1737 cum
3149 1680 3455 1746 considero,

1858 1789 2071 1851 stupeo.
2105 1782 2205 1838 Ubi
2229 1782 2372 1836 enim
2421 1781 2505 1834 vel
2540 1789 2744 1834 tantum
2777 1779 3014 1850 lapidem
3063 1778 3333 1844 invenire,
3368 1779 3455 1833 vel

1868 1880 2098 1951 qualiter
2127 1887 2327 1933 tantum
2360 1879 2570 1949 pondus
2584 1877 2750 1946 potuit
2775 1876 3456 1947 portare‘?Autquomodo

1873 1977 1976 2021 tam
2010 1969 2238 2038 parvula
2285 1967 2400 2021 avis
2427 1975 2654 2032 tantum,
2686 1975 2793 2020 tam
2823 1967 3038 2033 durum,
3073 1973 3290 2036 tamque
3319 1964 3459 2034 spis-

1875 2075 1992 2111 sum
2025 2058 2137 2110 saxi
2174 2072 2373 2126 corpus
2432 2064 2537 2109 tam
2570 2056 2677 2110 cito
2713 2055 2876 2110 valuit
2914 2063 3220 2124 penetrare,
3283 2069 3459 2124 quove

1875 2156 2032 2217 pacto
2057 2147 2245 2199 dentes
2279 2143 2328 2198 ei
2359 2153 2468 2198 tam
2500 2145 2604 2198 cito
2636 2159 2886 2199 crescere
2917 2144 2944 2195 ‘?
2971 2145 3073 2197 Aut
3104 2159 3210 2212 qua
3251 2144 3465 2196 ratione

1876 2243 1985 2288 tam
2018 2235 2297 2288 immensae
2319 2238 2371 2288 et
2403 2233 2658 2287 inaudita)
2716 2232 3100 2303 magnitudinis
3156 2231 3466 2285 credendus

1876 2331 1960 2377 est
1993 2323 2176 2386 fuisse,
2213 2323 2512 2392 praesertim
2545 2337 2668 2376 cum
2700 2320 2791 2374 lex
2823 2320 2968 2376 dicat
3001 2320 3196 2375 lectum
3217 2322 3333 2386 ejus
3354 2319 3466 2373 fer-

1877 2429 2026 2466 reum
2055 2427 2163 2465 non
2191 2410 2291 2463 nisi
2324 2426 2515 2464 novem
2577 2409 2786 2464 cubitos
2810 2408 3070 2462 habuisse
3127 2408 3314 2478 (Deut.
3367 2409 3466 2478 ιιι),

1880 2526 2057 2582 quove
2089 2516 2246 2579 pacto
2276 2516 2459 2562 tantus
2515 2509 2678 2562 homo
2703 2515 2854 2562 tanto
2889 2507 3029 2561 facili
3063 2507 3289 2561 vulnere
3321 2507 3470 2563 ceci-

1878 2599 2025 2653 disse
2056 2598 2083 2650 ?
2112 2598 2266 2651 Libet
2313 2597 2487 2652 adhuc
2535 2597 2677 2650 aliud
2734 2596 3127 2650 innotescendo
3182 2595 3471 2651 ridiculum

1878 2687 2140 2755 majorem
2173 2701 2358 2739 eorum
2417 2684 2714 2738 fatuitatem
2744 2684 3067 2738 ostendere.
3105 2683 3268 2737 Aiunt
3324 2683 3470 2738 enim

1879 2776 2022 2846 quod
2052 2776 2267 2845 Moyses
2297 2789 2400 2844 pro
2430 2773 2553 2844 lege
2581 2771 2928 2842 suscipienda
2958 2771 3013 2825 in
3045 2773 3250 2826 ccelum
3273 2787 3472 2827 ascen-

1879 2870 1976 2935 dit,
2010 2877 2061 2923 et
2083 2869 2156 2923 ibi
2186 2885 2308 2924 cum
2340 2869 2552 2938 angelis
2583 2869 2760 2922 taliter
2788 2868 3090 2923 altercatus
3104 2869 3476 2923 sit.Dicebant

1881 2957 2508 3030 enim,inquiunt,angeli
2534 2972 2546 3012 :
2572 2978 2593 3007 α
2620 2959 2820 3028 Legem
2843 2958 2984 3010 hanc
3005 2966 3053 3013 te
3082 2957 3303 3012 minime
3335 2958 3478 3012 ferre

1881 3047 2314 3117 sinemus,quam
2336 3046 2490 3100 nobis
2523 3048 2642 3116 plus
2658 3061 2826 3116 quam
2845 3044 2968 3099 filiis
3010 3047 3181 3100 Israel
3211 3062 3474 3101 necessa-

1881 3144 2012 3197 riam
2045 3144 2274 3198 scimus.
2310 3167 2330 3190 ιι
2366 3144 2452 3196 Ad
2485 3143 2599 3196 haec
2631 3145 2846 3213 Moyses
2881 3142 3093 3197 insolita
3123 3143 3330 3198 visione
3356 3160 3480 3213 per-

1804 3273 1852 3334 C
1881 3233 2121 3298 territus,
2150 3233 2280 3285 nihil
2310 3232 2644 3301 respondere
2703 3232 3067 3301 praesumpsit,
3121 3233 3218 3287 sed
3241 3233 3472 3288 Domino

1889 3348 1946 3384 se
1979 3330 2317 3385 confortante
2347 3337 2402 3383 ut
2424 3345 2614 3383 secure
2646 3329 3089 3398 responderet,et
3111 3331 3478 3399 praecipiente,

1889 3420 1958 3473 ait
1989 3419 2201 3491 angelis
2236 3437 2249 3472 :
2289 3443 2308 3465 ιι
2347 3419 2476 3471 Cum
2510 3419 2590 3471 lex
2619 3419 2733 3472 haec
2765 3419 3135 3488 regendorum
3185 3434 3480 3488 corporum

1889 3517 2163 3579 praecepta
2193 3507 2486 3572 contineat,
2524 3523 2628 3560 non
2656 3506 2786 3560 satis
2819 3507 3108 3561 considero
3167 3507 3293 3578 quid
3326 3507 3482 3562 vobis

1891 3599 1980 3668 qui
2013 3597 2310 3667 spiritualis
2343 3605 2547 3650 tantum
2579 3604 2832 3652 creatura
2850 3596 2979 3650 estis
2998 3595 3064 3649 sit
3093 3597 3421 3651 necessaria.
3451 3619 3474 3646 ι

1891 3698 2081 3767 Angeli
2113 3697 2242 3768 quid
2273 3697 2341 3750 ad
2399 3697 2516 3750 haec
2546 3695 2787 3750 dicerent
2843 3711 2952 3748 non
3011 3695 3294 3760 habentes,
3358 3694 3483 3750 victi

1891 3785 2280 3841 conticuerunt.
2325 3786 2403 3838 De
2460 3783 2631 3854 Moysi
2663 3783 3064 3854 igiturvictoria
3084 3783 3478 3850 Deumrisisse,

1893 3883 1944 3930 et
1973 3874 2131 3928 valde
2163 3874 2396 3928 laetatum
2415 3889 2536 3926 esse
2558 3872 2753 3936 dicitis,
2775 3877 2828 3926 et
2847 3872 2918 3926 ita
2932 3875 3153 3941 Moysen
3169 3872 3487 3941 posttrium-

1893 3965 2060 4032 phum
2091 3978 2213 4017 cum
2247 3961 2369 4032 lege
2400 3961 2641 4016 alacrem
2667 3961 3044 4015 descendisse.
3084 3960 3241 4028 Quot,
3269 3976 3481 4030 quaeso,

1894 4061 2151 4114 fatuitatis
2181 4059 2523 4113 diversitates
2561 4059 2616 4112 in
2647 4058 2748 4112 hac
2807 4058 3146 4112 continentur
3199 4057 3423 4112 lascivia
3453 4060 3482 4111 ?

1894 4149 2183 4218 Quomodo
2232 4147 2374 4202 enim
2421 4149 2634 4218 Moyses
2681 4147 2922 4217 corporis
2981 4147 3120 4200 mole
3168 4147 3481 4215 depressus,

1894 4238 2206 4292 alitudinem
2237 4237 2360 4291 coeli
2417 4236 2787 4292 conscendere
2845 4235 3033 4304 potuit,
3070 4241 3160 4288 aut
3211 4235 3485 4305 quomodo

1897 4337 2014 4390 Deo
2044 4335 2174 4389 dare
2209 4334 2384 4405 legem
2437 4335 2672 4400 volente,
2732 4333 2912 4404 angeli
2969 4334 3254 4394 prohibere
3284 4337 3312 4387 ἲ)
3343 4334 3488 4403 Quid

1895 4424 2088 4478 iterum
2120 4423 2370 4477 stolidius
2401 4431 2484 4476 est
2516 4438 2676 4493 quam
2699 4422 2879 4477 dicere
2906 4423 3076 4476 Deum
3100 4423 3311 4493 angelis
3333 4423 3491 4479 victis

1897 4512 2186 4577 exsultare,
2221 4519 2273 4566 et
2295 4510 2486 4581 puerili
2515 4527 2668 4565 more
2720 4511 2936 4566 ridere?
2959 4513 3093 4565 Item
3124 4512 3169 4565 si
3199 4512 3401 4583 angeli,
3433 4519 3491 4566 ut

201 4604 441 4666 peracto,
475 4594 646 4648 moles
673 4602 831 4663 caput
853 4593 1184 4659 transiliens,
1205 4593 1258 4646 in
1281 4593 1523 4662 ejusdem
1546 4591 1787 4645 humeris
1816 4632 1868 4692 Β
1898 4601 2095 4662 dicitis,
2128 4608 2235 4654 tam
2284 4599 2428 4655 avidi
2453 4599 2598 4654 illius
2645 4600 2784 4671 legis
2825 4601 3123 4656 retinenda;
3170 4609 3341 4666 erant,
3394 4616 3491 4656 cur

203 4683 461 4738 subsedit.
496 4681 680 4751 Capite
713 4690 891 4735 autem
951 4696 1085 4735 sano
1119 4691 1166 4735 et
1199 4689 1308 4735 toto
1326 4697 1551 4750 corpore
1573 4680 1784 4734 incolu-

205 4773 296 4838 mi,
330 4771 578 4826 fortassis
600 4771 774 4825 adhuc
805 4786 836 4823 a
865 4769 1005 4824 collo
1033 4769 1505 4836 sublevaSset,nisi
1538 4769 1792 4823 adaueto-

205 4887 320 4925 rum
351 4869 528 4923 subito
551 4867 787 4922 dentium
823 4867 1095 4937 quantitas
1127 4866 1471 4934 impedisset.
1503 4869 1623 4920 Mox
1647 4865 1789 4920 enim

207 4969 260 5014 ut
281 4959 415 5030 lapis
444 4958 496 5011 in
523 4956 724 5011 collum
761 4956 1062 5021 descendit,
1097 4955 1286 5010 dentes
1309 4954 1411 5008 sibi
1444 4963 1662 5024 repente
1720 4953 1792 5008 ita

211 5065 326 5112 sunt
356 5055 571 5111 adaucti
616 5054 780 5126 quod,
841 5070 961 5109 cum
996 5053 1160 5108 voluit
1185 5051 1298 5122 jam
1355 5053 1657 5116 sublevare,
1694 5051 1792 5104 mi-

212 5146 352 5200 nime
399 5144 586 5215 potuit.
647 5143 803 5212 Quod
861 5145 1077 5213 Moyses
1107 5143 1342 5208 intuens,
1395 5143 1548 5210 cujus
1594 5157 1792 5212 corpus

215 5243 402 5298 decem
431 5241 641 5296 cubitos
684 5240 940 5294 habuisse
987 5239 1256 5306 asseritis,
1317 5247 1371 5293 et
1400 5239 1624 5294 totidem
1675 5239 1794 5308 ejus

217 5339 438 5411 virgulae
468 5337 766 5402 ascribitis,
797 5354 857 5393 se
880 5353 1047 5408 super
1067 5347 1266 5391 terram
1297 5337 1351 5390 in
1366 5337 1584 5390 modum
1600 5335 1799 5390 salien-

220 5437 283 5492 tis
311 5435 500 5490 decem
526 5435 738 5490 cubitos
767 5435 956 5495 erexit.
1005 5442 1062 5488 ut
1091 5450 1214 5488 eum
1243 5434 1297 5488 in
1328 5434 1504 5505 aliquo
1554 5433 1798 5503 corporis

220 5533 336 5588 loco
364 5547 486 5587 cum
517 5531 680 5603 virga
708 5539 1034 5601 percuteret.
1069 5531 1123 5586 Si
1155 5547 1290 5603 ergo
1319 5531 1800 5601 computesdecem

223 5621 432 5678 cubitos
461 5620 656 5691 quibus
687 5635 720 5674 a
749 5627 896 5675 terra
930 5621 1175 5675 elevatus
1197 5626 1299 5688 est,
1333 5628 1386 5674 et
1440 5620 1629 5674 decem
1689 5620 1803 5686 ejus

226 5719 468 5789 corporis
496 5717 732 5794 cubitos,
762 5725 816 5772 et
835 5717 1026 5773 decem
1056 5718 1193 5772 alios
1221 5733 1357 5789 quos
1387 5717 1540 5790 virgo
1561 5717 1614 5770 in
1637 5715 1804 5770 altum

227 5817 473 5881 porrecta
503 5805 756 5870 habebat,
787 5819 821 5860 a
849 5811 996 5860 terra
1016 5807 1084 5860 ad
1111 5806 1475 5860 summitatem
1509 5805 1675 5876 virgae
1702 5803 1810 5856 tri-

231 5898 376 5971 ginta
403 5894 648 5952 invenies
695 5893 936 5950 cubitos.
993 5893 1101 5950 Sed
1131 5909 1257 5951 cum
1274 5893 1330 5949 in
1359 5902 1567 5950 tantum
1598 5900 1814 5951 erectus

1899 4706 2020 4744 eam
2051 4705 2157 4743 non
2191 4689 2336 4754 prius
2365 4694 2397 4742 a
2426 4689 2538 4743 Deo
2571 4689 2902 4760 quaesierunt
2929 4691 2957 4743 εἰ
2988 4689 3072 4744 vel
3106 4690 3234 4760 quid
3265 4698 3490 4744 conten-

1897 4778 2134 4832 tionibus
2213 4778 2476 4847 proderat
2539 4777 2618 4831 eis
2686 4777 3008 4832 desaevire‘?
3045 4779 3297 4834 Poterant
3346 4778 3490 4833 enim

1903 4866 2079 4937 legem
2104 4866 2275 4935 ipsam
2325 4866 2483 4918 etiam
2541 4865 2702 4919 simul
2759 4866 2958 4921 Iudaeis
3015 4867 3330 4932 observare,
3390 4883 3493 4922 nec

1905 4956 2037 5008 ratio
2069 4969 2167 5008 cur
2199 4970 2317 5008 eam
2348 4953 2520 5023 Moysi
2546 4954 2807 5008 deberent
2829 4955 3100 5009 inhibere.
3159 4957 3276 5010 Non
3310 4955 3494 5009 minus

1907 5043 1992 5097 bis
2022 5042 2275 5096 omnibus
2307 5041 2534 5098 cuilibet
2562 5051 2781 5112 praestat
2823 5043 3129 5108 ridiculum,
3156 5044 3302 5098 aliud
3347 5046 3494 5113 quod

1907 5140 2008 5211 ipsi
2034 5147 2333 5195 memorant
2364 5139 2581 5194 factum.
2614 5141 2812 5194 Dicunt
2858 5139 3000 5194 enim
3032 5141 3286 5210 angelum
3311 5142 3498 5195 mortis

1912 5240 2126 5296 cuidam
2158 5239 2278 5294 viro
2323 5237 2656 5309 apparuisse,
2705 5237 2926 5293 nomine
2980 5239 3166 5303 Josue,
3198 5238 3306 5292 filio
3370 5241 3500 5292 Levi

1914 5337 2144 5398 doctori,
2177 5335 2344 5407 eique
2376 5335 2576 5390 dixisse
2610 5353 2622 5388 :
2661 5356 2682 5385 α
2718 5335 2800 5389 Ad
2829 5335 2936 5390 hoc
2966 5335 3185 5390 venisse
3216 5351 3300 5389 me
3332 5337 3501 5404 scias,

1917 5431 1972 5476 ut
2002 5423 2240 5476 animam
2272 5429 2421 5474 tuam
2453 5419 2761 5490 suscipiam,
2802 5427 2853 5474 et
2884 5420 3152 5473 moriaris.
3184 5449 3251 5458 —
3278 5421 3506 5490 Nequa-

1919 5535 2106 5591 quam,
2139 5518 2312 5588 inquit
2345 5517 2457 5580 ille,
2491 5519 2636 5588 quod
2668 5532 2982 5571 commones
3003 5515 3324 5582 faciam,nisi
3357 5517 3509 5587 prius

1921 5617 2050 5670 mihi
2082 5615 2396 5686 paradisum
2424 5615 2758 5669 ostenderis.
2804 5637 2824 5661 η
2862 5614 3183 5682 Susceptum
3216 5614 3380 5684 igitur
3409 5630 3512 5668 an-

1924 5706 2076 5775 gelus
2105 5705 2158 5757 in
2184 5704 2286 5758 alis
2315 5705 2449 5769 suis,
2483 5704 2632 5758 duxit
2659 5704 2725 5757 ad
2757 5703 2934 5758 locum
2956 5703 3097 5757 unde
3127 5702 3512 5773 videretpara-

1924 5803 2133 5857 disum.
2167 5801 2408 5854 Callidus
2441 5811 2618 5854 autem
2651 5802 2741 5856 ille
2769 5802 2836 5855 de
2866 5801 2966 5854 alis
2995 5801 3115 5870 ejus
3143 5800 3424 5869 delapsus,
3455 5799 3513 5852 in

1927 5888 2241 5962 paradisum
2271 5889 2466 5945 cadere
2496 5905 2554 5944 se
2584 5889 2848 5960 permisit.
2881 5888 3121 5960 Angelus
3146 5889 3432 5958 deceptum
3449 5902 3510 5940 se
