3966 6396
478 394 585 451 567

1408 399 1609 454 PETRI
1648 397 1996 456 ALPHONSI
2033 398 2136 457 EX
2171 402 2410 463 ΠΗ)Εο
2449 406 2858 467 CHRISTIANI

3698 418 3813 471 568

481 535 605 575 esse
636 517 997 585 dolens,irato
1025 519 1188 577 nimis
1217 522 1369 579 vuitu
1395 541 1406 579 :
1432 550 1453 573 «
1480 524 2075 598 Egredere,ait,utmo-
2100 526 2158 587 A
2189 531 2292 587 sed
2312 531 2438 600 alio,
2472 549 2544 589 an
2574 536 2737 591 etiam
2763 537 2915 595 nullo
2943 538 3114 612 (quod
3144 540 3314 611 absit)
3352 540 3518 597 modo
3549 541 3810 597 evadere

485 616 648 673 riaris
685 620 1156 693 —Nequaquam,
1198 621 1273 675 ait
1321 621 1431 688 ille,
1464 622 1743 695 egrediar.
1782 647 1803 671 ι
1840 624 2082 696 Cumque

485 709 732 765 secundo
763 726 828 766 ac
858 710 1019 764 tertio
1049 709 1279 781 angelus
1299 709 1537 781 idipsum
1595 728 1719 767 cum
1749 727 1952 785 magno
1973 714 2083 769 cla-

488 812 641 853 more
671 806 962 870 repeteret,
1024 807 1075 852 et
1110 798 1201 855 ille
1232 800 1347 866 ejus
1376 799 1540 854 verba
1570 801 1901 872 negligeret,
1933 818 2078 857 com-

488 895 666 942 motus
688 887 908 941 nimium
950 887 1198 959 angelus,
1231 888 1296 941 ad
1329 888 1504 943 Deum
1554 905 1788 960 pergens
1815 891 1978 961 hujus
2002 891 2081 946 rei

487 983 882 1055 querimoniam
930 984 1083 1040 fecit.
1122 986 1267 1040 Deus
1287 994 1470 1040 autem
1502 1002 1623 1041 eum
1647 987 1823 1042 redire
1846 989 2077 1061 rogavit,

489 1081 546 1127 ut
570 1072 843 1128 hominem
872 1074 1030 1128 illum
1065 1091 1129 1128 ex
1161 1072 1257 1130 Dei
1291 1076 1510 1130 nomine
1533 1075 1599 1129 de
1617 1076 1876 1145 paradiso
1891 1077 2082 1148 egredi

487 1161 834 1233 praeciperet.
876 1162 1116 1217 Veniens
1150 1162 1335 1234 itaque
1365 1164 1595 1235 angelus
1622 1165 1691 1219 ad
1748 1165 2078 1234 paradisum,

488 1250 565 1304 ait
596 1267 610 1304 :
648 1272 672 1298 α
708 1251 856 1305 Deus
888 1259 949 1305 ut
973 1251 1280 1324 egrediaris
1302 1252 1569 1323 prmcipit.
1598 1276 1619 1301 ιι
1656 1253 1858 1308 Iuravit
1886 1254 1994 1322 ille,
2029 1262 2083 1309 et

488 1339 561 1393 ait
595 1356 610 1393 :
649 1362 670 1387 ι
707 1339 811 1395 Per
840 1340 1015 1395 Deum
1044 1355 1155 1395 non
1188 1340 1446 1413 egrediar
1481 1359 1493 1395 :
1530 1341 1990 1414 iiRediitangelus
2012 1343 2082 1397 ad

491 1437 665 1492 Deum
715 1445 769 1492 et
814 1436 995 1492 dixit:
1034 1438 1448 1508 «Jurejurando
1504 1455 1567 1494 se
1623 1456 1899 1511 nunquam
1957 1440 2081 1497 inde

490 1549 845 1606 egressurum
877 1533 1138 1590 firmavit.
1182 1558 1205 1584 η
1241 1536 1389 1590 Dans
1421 1536 1600 1608 itaque
1636 1536 1903 1607 judicium
1934 1539 2082 1593 Deus

489 1623 771 1694 respondit
803 1642 816 1679 :
847 1646 869 1672 α
903 1623 1098 1679 Omnia
1152 1623 1425 1679 volumina
1465 1625 1587 1680 vitas
1643 1636 1696 1681 et
1724 1635 1935 1681 actuum
1959 1627 2081 1698 ejus

484 1718 725 1789 revolve,
761 1729 813 1775 et
841 1720 1136 1792 diligenter
1163 1721 1370 1793 relege.
1405 1722 1458 1777 Si
1486 1723 1705 1795 quando
1732 1723 2080 1794 enmjurasse

486 1825 541 1872 et
567 1817 884 1889 perjurasse
914 1819 1209 1886 inveneris,
1261 1820 1425 1877 modo
1456 1837 1669 1893 quaque
1699 1821 1830 1876 nihil
1863 1821 1965 1876 sibi
1988 1821 2078 1892 ju-

2191 629 2466 684 concedas
2479 672 2493 685 .

2261 714 2498 771 Paraus.
2533 717 2614 772 Eo
2640 718 2865 789 quidem
2894 722 3058 778 modo
3089 738 3197 793 quo
3225 722 3328 794 ipsi
3358 725 3653 781 aestimatis
3688 740 3809 779 non

2190 802 2374 869 Credo,
2431 805 2529 860 sed
2588 807 2696 863 alio
2752 809 2915 865 modo
2966 826 3066 867 vos
3094 828 3356 868 evasuros
3395 830 3519 869 esse
3551 829 3669 869 non
3704 814 3811 868 ab-

2187 906 2353 962 nego.

2261 990 2505 1045 Morsas.
2529 990 2714 1060 Quare
2729 1009 2796 1049 eo
2825 1010 2935 1066 quo
2956 995 3191 1052 dicimus
3207 996 3423 1052 liberari
3440 1013 3804 1070 nequaquam

2190 1078 2463 1146 possimus
2493 1081 2679 1147 modo,
2710 1090 2760 1138 et
2804 1082 3056 1155 quisnam
3086 1085 3154 1140 sit
3204 1086 3537 1142 liberationis
3585 1087 3802 1143 modus

2190 1165 2377 1221 audire
2407 1167 2659 1226 desidero
2671 1212 2685 1227 .

2264 1255 2504 1312 Psrnus.
2539 1257 2669 1314 Cum
2719 1260 2993 1317 Christum
3024 1263 3213 1318 Filium
3251 1263 3348 1320 Dei
3370 1279 3511 1330 esse,
3574 1273 3673 1320 aut
3739 1264 3799 1319 in

2189 1344 2448 1400 mundum
2470 1363 2569 1417 pro
2591 1348 2811 1404 humani
2840 1351 3065 1423 generis
3102 1352 3473 1422 redemptione
3532 1368 3794 1426 negave-

2188 1437 2305 1496 1'itis
2345 1444 2579 1509 venisse,
2612 1455 2665 1501 et
2720 1447 2840 1517 ejus
2885 1458 3161 1519 prmepta
3202 1450 3483 1505 nolueritis
3517 1466 3782 1517 servare,

2189 1536 2411 1595 liberari
2468 1544 2761 1614 nequibitis
2806 1562 2837 1599 a
2881 1546 3208 1615 captivitate.
3256 1547 3313 1603 Si
3373 1562 3505 1603 vero
3558 1564 3690 1602 eum
3742 1556 3801 1603 et

2188 1637 2289 1692 Dei
2318 1638 2510 1694 Filium
2537 1657 2680 1710 esse,
2714 1652 2767 1698 et
2789 1642 2907 1712 jam
2939 1644 3158 1700 venisse
3186 1644 3610 1709 credideritis,et
3630 1661 3797 1699 man-

2189 1726 2316 1781 data
2346 1729 2499 1797 cujus
2535 1731 2926 1801 custodieritis,
2975 1732 3153 1788 statim
3208 1733 3277 1789 de
3324 1733 3646 1805 captivitate
3703 1750 3796 1789 ex-

2187 1815 2363 1872 ibitis.

487 1922 641 1963 rasse
672 1908 891 1964 valebit.
922 1909 977 1964 Si
1006 1919 1185 1964 autem
1209 1926 1487 1980 nunquam
1516 1910 1793 1982 perjurum
1825 1928 1949 1965 esse
1966 1927 2085 1980 pro-

2267 1903 2513 1959 Movsss.
2548 1902 2720 1972 Quam
2742 1904 3116 1961 auctoritatem
3141 1905 3346 1977 poteris
3375 1904 3567 1963 afferre
3614 1923 3795 1978 super

487 1996 729 2064 baveris,
762 2012 870 2052 non
893 1997 945 2051 in
975 1999 1078 2053 hac
1108 1999 1226 2055 vice
1245 1999 1481 2054 timebis.
1518 2022 1539 2048 υ
1576 2000 1867 2055 Volumina
1897 2000 2083 2073 itaque

487 2085 673 2142 omnia
722 2087 953 2158 angelus
975 2087 1221 2143 studiose
1249 2087 1567 2150 discutiens,
1601 2104 1876 2160 nunquam
1898 2089 2084 2160 perju-

487 2190 641 2231 rasse
670 2175 895 2232 invenit.
921 2176 1140 2232 Dimisit
1163 2193 1305 2249 ergo
1336 2194 1457 2232 eum
1481 2178 1674 2245 victus,
1709 2178 1824 2250 qui,
1856 2187 1914 2232 ut
1941 2178 2081 2234 dici-

487 2268 575 2334 tis,
608 2283 783 2337 usque
805 2267 860 2321 in
882 2275 1213 2336 praesentem
1270 2268 1414 2323 diem
1458 2268 1746 2324 incolumis
1800 2276 2085 2341 permanet

486 2365 652 2428 atque
680 2356 863 2411 vivus.
895 2355 1209 2421 Considera,
1243 2373 1453 2429 quaso,
1487 2374 1646 2428 quam
1680 2358 1790 2413 risu
1819 2356 2081 2431 dignissi-

484 2460 577 2500 ma
604 2444 660 2499 in
689 2445 795 2501 hoc
821 2452 1051 2516 possunt
1110 2445 1280 2501 nctari
1313 2446 1679 2501 sermunculo.
1738 2446 1880 2516 Quid
1938 2447 2083 2502 enim

485 2532 611 2604 plus
641 2533 901 2588 miremur
925 2533 955 2586 Ὺ
984 2548 1052 2587 an
1106 2531 1410 2588 fatuitatem
1467 2535 1651 2605 angeli
1682 2536 1772 2606 qui
1828 2535 2080 2591 callidam

485 2621 726 2676 hominis
751 2629 925 2677 artem
956 2637 1067 2677 non
1096 2622 1249 2693 prius
1263 2624 1487 2696 agnovit
1508 2639 1576 2677 an
1593 2624 2083 2689 hominem,audito

487 2725 586 2782 per
613 2709 868 2781 angelum
894 2709 993 2766 Dei
1015 2718 1309 2782 prmcepto,
1336 2721 1517 2766 contra
1540 2711 1718 2781 ipsum
1750 2722 2082 2783 praeceptum

489 2815 679 2855 ausum
712 2799 877 2855 fuisse
920 2800 1125 2869 jurare,
1173 2815 1243 2854 an
1302 2800 1550 2856 dicamus
1581 2801 1681 2856 Dei
1711 2800 2081 2872 impotentiam

492 2899 686 2965 fuisse,
718 2899 864 2971 quod
896 2915 1001 2955 non
1035 2899 1139 2954 nisi
1163 2917 1262 2972 per
1287 2902 1533 2956 nuntium
1582 2918 1703 2956 eum
1726 2902 1793 2957 de
1824 2901 2084 2973 paradiso

492 2988 770 3062 potuisset
797 2989 1095 3061 expellere,
1121 3007 1187 3044 an
1218 2990 1554 3047 ascribamus
1585 2993 1681 3047 Dei
1712 2992 2037 3064 ignorantiae
2069 3006 2082 3046 :

494 3087 641 3159 quod
666 3102 773 3142 non
803 3087 958 3142 aliter
987 3088 1126 3143 scire
1169 3087 1339 3158 potuit
1381 3093 1559 3144 utrum
1592 3089 1841 3160 perjurus
1873 3087 2086 3153 fuisset,

492 3176 597 3232 nisi
626 3176 747 3246 ejus
777 3176 900 3231 vitae
958 3175 1127 3231 libros
1175 3176 1385 3233 revolvi
1439 3177 1659 3248 juberet
1688 3178 1716 3230 εἰ
1745 3177 1941 3231 Nonne
1971 3176 2087 3232 haac

499 3276 679 3332 omnia
710 3274 1009 3331 fatuissima
1028 3284 1154 3330 sunt
1182 3277 1210 3329 εἰ
1241 3274 1399 3345 Quod
1419 3276 1465 3330 si
1493 3276 1675 3332 omnia
1705 3291 1824 3348 quae
1846 3275 2094 3330 doctores

496 3365 664 3421 vestri
698 3364 896 3421 similia
927 3365 1012 3419 his
1033 3364 1486 3436 conscripserunt
1517 3380 1872 3435 poneremus,
1907 3364 2104 3419 multos

506 3464 646 3521 sicut
694 3471 746 3519 et
778 3462 880 3534 ipsi
909 3461 1078 3517 libros
1135 3477 1413 3535 nugarum
1475 3461 1673 3517 fabulis
1716 3462 2091 3533 impleremns.

499 3554 675 3609 Pauca
705 3560 886 3607 autem
942 3550 1274 3617 indusimus,
1333 3559 1388 3605 ut
1436 3567 1628 3606 eorum
1677 3551 1770 3606 vel
1810 3552 2104 3624 sapientia,

497 3649 584 3706 vel
617 3649 853 3718 fatuitas,
875 3648 1083 3704 cunctis
1102 3656 1438 3720 patesceret.
1496 3649 1613 3705 Hoc
1644 3649 1824 3720 itaque
1854 3658 1933 3704 est
1954 3651 2098 3722 quod

502 3739 597 3794 tibi
631 3739 880 3810 superius
912 3737 1041 3803 dixi,
1102 3738 1267 3793 verba
1293 3738 1573 3793 doctorum
1633 3746 1934 3795 vestrorum
1990 3755 2098 3795 non

501 3828 648 3885 aliud
678 3826 852 3883 videri
882 3842 1044 3899 quam
1067 3830 1236 3882 verba
1258 3825 1561 3895 jocantium
1581 3826 1632 3880 in
1662 3827 1862 3882 scholis
1892 3843 2100 3898 puero-

507 3926 742 3995 rum,vel
766 3926 1025 3982 nentium'
1041 3926 1095 3979 in
1117 3924 1310 3996 plateis
1325 3924 1755 3981 mulierum.Sed
1772 3926 2099 3997 hic,precor,

509 4040 541 4081 ο
562 4026 799 4097 Moyses,
824 4024 1010 4079 talium
1043 4023 1323 4079 hominum
1355 4023 1438 4079 vel
1470 4024 1650 4096 legem
1673 4024 2103 4095 suscipiendam,

510 4121 600 4177 vel
644 4121 1020 4177 auctoritatem
1092 4120 1312 4191 judicas
1395 4120 1864 4192 comprobandam
1891 4121 1919 4176 ?
1948 4123 2098 4177 Erua

511 4208 565 4274 te
592 4218 774 4275 divina
805 4218 1080 4274 miseratio
1134 4218 1204 4275 de
1234 4234 1426 4275 eorum
1477 4218 1909 4275 exsecrabilibus
1954 4236 2097 4290 prai-

510 4316 682 4388 ceptis
714 4325 881 4389 atque
911 4316 1178 4382 consiliis,
1227 4315 1689 4388 quemadmodum
1738 4325 1923 4383 etme,
1980 4317 2108 4374 licet

514 4422 623 4462 non
657 4405 794 4461 meis
824 4406 1022 4477 eripuit
1046 4406 1277 4475 meritis,
1309 4415 1363 4461 et
1383 4414 1435 4461 te
1466 4422 1677 4462 mecum
1720 4406 1925 4477 pariter
1954 4406 2107 4461 salu-

510 4504 683 4561 tiferis
712 4503 911 4559 subdat
939 4504 1206 4574 imperiis,
1257 4511 1527 4575 quatenus
1582 4512 1872 4577 utrumque
1901 4505 2109 4576 pariter

505 4594 640 4650 ditet
669 4592 782 4649 suis
808 4591 1173 4649 inelfabilibus
1193 4592 1455 4663 prasmiis.

1103 4718 1394 4775 TITULUS
1433 4719 1503 4776 Il.

513 4847 587 4906 De
618 4844 1003 4920 cognoscenda
1042 4845 1342 4917 prwsentis
1376 4843 1704 4901 Iudaeorum
1748 4846 2106 4917 captivitatis

654 4952 830 4993 causa
853 4936 1094 5000 tractat,
1128 4937 1187 4989 et
1212 4948 1381 5005 quam
1403 4933 1501 4988 diu
1522 4933 1728 4990 durare
1749 4932 1963 4991 debeat.

478 5028 489 5043 ’
586 5036 838 5091 Morsas.
872 5030 1140 5101 Quoniam
1173 5046 1510 5101 quaecunque
1541 5030 1710 5086 nostri
1740 5031 1998 5087 doctores
2027 5030 2111 5087 di-

516 5126 654 5181 vina:
677 5121 956 5192 majestati
985 5119 1214 5192 indigne
1243 5119 1538 5190 applicant,
1576 5128 1630 5174 tu
1673 5120 1854 5176 omnia
1874 5120 2109 5192 inexpu-

510 5222 817 5296 gnabilium
848 5221 968 5277 luce
990 5218 1290 5277 rationum.
1327 5232 1427 5275 nec
1457 5217 1749 5290 Scriptum
1775 5218 2107 5286 auctoritate,

512 5338 617 5380 nec
646 5320 939 5391 cujuslibet
971 5318 1196 5375 rationis
1231 5320 1428 5393 vigore
1453 5317 1756 5374 consistere
1771 5332 1934 5389 posse
1952 5333 2112 5373 mon—

512 5420 715 5486 strasti,
748 5435 893 5475 nunc
921 5418 993 5475 ad
1022 5418 1320 5475 secundam
1378 5416 1780 5493 propositorum
1809 5420 2020 5486 partem
2053 5414 2112 5469 in

512 5533 619 5588 qua
648 5516 718 5573 de
747 5525 937 5573 nostra
982 5532 1042 5572 es
1073 5515 1386 5587 captivitate
1443 5513 1657 5571 locutus
1704 5512 2007 5578 veniamus,
2065 5512 2113 5568 si

513 5604 715 5675 placet.
750 5604 944 5659 Dixisti
964 5603 1110 5660 enim
1140 5604 1263 5673 (nisi
1279 5604 1444 5660 menti
1463 5602 1682 5669 excidit)
1701 5617 1801 5657 nos
1827 5600 1920 5656 tali
1946 5601 2111 5657 modo

511 5716 734 5771 sperare
790 5701 1159 5770 captivitatem
1203 5716 1464 5756 evasuros
1529 5715 1674 5764 esse,
1736 5714 1845 5769 quo
1902 5698 2110 5755 scilicet

514 5788 678 5843 modo
708 5803 1046 5860 nequaquam
1098 5804 1392 5858 possumus
1448 5788 1700 5844 evadere.
1742 5789 1898 5843 Nunc
1927 5788 2109 5854 itaque

516 5890 742 5955 propter
788 5885 890 5941 hoc
935 5900 1123 5956 quem
1152 5894 1331 5941 utrum
1367 5902 1470 5941 nos
1525 5884 1639 5941 illlo
1674 5900 1783 5957 quo
1809 5885 2102 5952 credimus,

2123 4597 2183 4660 D

2191 1999 2505 2069 hujusmodi
2527 2017 2779 2057 sermone
2798 2004 2826 2056 ‘I

2268 2085 2508 2141 Pramus.
2543 2086 2693 2141 Prius
2714 2103 2835 2158 quas
2862 2095 3057 2143 vestra:
3085 2087 3408 2158 captivitatis
3435 2087 3591 2143 fuerit
3620 2104 3790 2143 causa

2191 2173 2380 2230 videre
2411 2175 2699 2242 debemus,
2731 2184 2787 2231 ut
2816 2176 2900 2232 sic
2921 2177 3085 2232 etiam
3115 2176 3384 2232 evadendi
3416 2179 3631 2232 modum
3662 2193 3793 2232 me-

2194 2261 2301 2317 lius
2329 2279 2716 2337 agnoscamus,
2777 2280 2929 2321 more
2985 2266 3246 2337 sapientis
3301 2272 3517 2321 utentes
3564 2266 3790 2335 medici,

2194 2363 2283 2435 qui
2315 2362 2468 2433 prius
2500 2362 2864 2420 inﬁrmitatem
2893 2364 3132 2435 inspicit,
3192 2373 3247 2420 ut
3278 2378 3385 2437 qua
3413 2378 3550 2435 Opus
3577 2362 3650 2418 sit
3671 2379 3790 2420 me-

2192 2460 2373 2516 dicina
2395 2459 2535 2516 scire
2565 2461 2761 2530 possit.

2260 2546 2511 2601 Movsas.
2548 2548 2691 2601 Bene
2719 2547 2927 2604 dictum
2955 2546 3233 2604 collaudo.

2263 2643 2505 2699 Paraus.
2545 2644 2700 2700 Prius
2715 2645 3292 2717 causamBabylonicas
3312 2642 3790 2715 captivitatis,un

2191 2746 2300 2786 non
2321 2732 2424 2787 nisi
2454 2750 2554 2804 per
2581 2735 2931 2806 septuaginta
2960 2749 3134 2789 annos
3173 2732 3412 2801 duravit,
3445 2733 3599 2788 dicas
3629 2732 3782 2800 volo,

2194 2820 2317 2890 quia
2346 2821 2521 2891 ipsam
2548 2838 2668 2878 cum
2701 2821 3053 2887 audierimus,
3071 2821 3345 2892 adjuverit
3366 2836 3474 2876 non
3501 2820 3787 2891 adcogno-

2194 2920 2451 2976 scendam
2480 2935 2700 2976 causam
2720 2920 2887 2990 hujus
2913 2928 3079 2976 tanta
3112 2918 3457 2991 captivitatis.

2265 3010 2511 3065 Morsns.
2537 3009 2775 3064 Plurima
2794 3018 3038 3080 peccata,
3072 3025 3191 3080 quae
3218 3008 3439 3081 longum
3468 3014 3786 3064 estenume-

2199 3114 2341 3162 rare,
2374 3098 2573 3169 prioris
2603 3099 3119 3170 captivitatiscausa
3151 3097 3324 3155 fuere.

2277 3198 2514 3253 Parans.
2539 3199 2615 3252 Ita
2647 3196 2864 3268 quidem
2895 3197 3141 3253 concedo
3169 3212 3313 3265 esse,
3356 3195 3453 3252 sed
3505 3203 3688 3250 tamen
3721 3211 3788 3251 ex

2208 3286 2317 3341 illis
2350 3286 2533 3357 aliqua
2554 3285 2676 3341 volo
2704 3302 2734 3340 a
2763 3293 2814 3340 te
2844 3302 2949 3358 ego
2977 3286 3192 3341 audire.

2278 3377 2523 3431 Movsas.
2558 3376 2734 3430 Pauca
2764 3392 2827 3430 ex
2860 3375 2966 3429 illis
2994 3375 3045 3429 in
3078 3374 3313 3429 medium
3371 3373 3632 3429 deducam
3665 3388 3783 3443 quae

2208 3464 2532 3536 prophetica
2562 3464 2877 3520 auctoritate
2905 3464 3227 3535 probantur,
3286 3463 3491 3518 scilicet
3547 3477 3783 3527 usuram,

2209 3553 2294 3609 vel
2322 3570 2515 3608 munus
2544 3569 2644 3623 pro
2667 3553 2947 3625 iniquitate
2967 3553 3236 3623 accipere,
3284 3551 3651 3621 juramentum
3678 3550 3782 3604 fal-

2210 3655 2327 3692 sum
2354 3637 2563 3709 jnrare,
2594 3637 2651 3691 in
2681 3638 2972 3692 vendendo
2986 3646 3035 3692 et
3066 3636 3296 3692 emendo
3308 3634 3784 3706 pecuniamfalsam

2209 3727 2359 3792 dare,
2394 3725 2532 3781 falsa
2581 3726 2894 3781 testimonia
2923 3725 3444 3789 dicere,alterutrum
3490 3723 3782 3789 detrahere,

2209 3824 2477 3887 parentes,
2507 3823 2558 3869 et
2586 3815 2709 3871 loca
2739 3812 3182 3870 sanctificationis
3212 3822 3262 3868 et
3293 3812 3412 3868 dies
3432 3813 3783 3868 Sabbatorum

2212 3913 2538 3969 inhonorare
2572 3928 2585 3979 ;
2620 3913 2823 3978 matris,
2850 3912 3072 3976 sororis,
3106 3908 3788 3979 ﬁlim,socrus,velcujusli-

2211 4003 2302 4059 bet
2330 4002 2533 4058 illicita
2565 4001 2780 4058 feminae
2811 4000 3196 4072 turpitudinem
3230 3997 3785 4067 revelare,homicidia

2215 4101 2554 4163 perpetrare,
2588 4091 2731 4146 idola
2761 4091 3014 4154 adorare,
3047 4089 3218 4144 stellis
3262 4087 3588 4157 sacriﬁcare,
3623 4087 3781 4142 Deum

2213 4196 2442 4252 negare,
2474 4181 2684 4252 Deique
2704 4180 3020 4252 prOphetas,
3054 4187 3311 4252 tanquam
3344 4177 3547 4243 Uriam,
3581 4177 3775 4233 Zacha-

2214 4270 2375 4330 riam,
2403 4269 2702 4341 Isaiamque
2725 4284 2942 4332 necare,
2966 4276 3019 4324 et
3048 4268 3151 4322 alia
3175 4267 3357 4330 multa,
3383 4283 3522 4338 quae,
3557 4274 3610 4321 ut
3637 4282 3778 4336 supe-

2215 4361 2330 4415 rius
2359 4359 2491 4425 dixi,
2549 4358 2769 4431 longum
2829 4366 2909 4413 est
2941 4372 3282 4419 enumerare,
3341 4371 3460 4428 quae
3487 4356 3540 4409 in
3594 4363 3782 4409 tantum

2217 4455 2528 4513 creverunt,
2560 4457 2617 4501 ut
2651 4448 2793 4503 Deus
2823 4447 2890 4501 ad
2920 4446 3210 4501 Jeremiam
3228 4445 3429 4500 diceret
3446 4444 3777 4515 prophetam:

2222 4536 2976 4601 Circuiteviaslli'erusalem,
3010 4536 3313 4608 etaspicite
3328 4538 3384 4590 et
3432 4532 3781 4598 considerate,

2212 4628 2386 4694 quwri
2393 4632 2446 4682 te
2458 4629 2521 4683 in
2532 4646 2559 4700 ι
2573 4628 2739 4683 luteis
2752 4628 2872 4697 ejus
2882 4643 2958 4681 an
2973 4626 3031 4679 in
3043 4626 3285 4681 veniatis
3295 4624 3475 4679 virum
3486 4624 3774 4693 facientem

2210 4720 2492 4794 judicium
2523 4722 2578 4773 et
2592 4720 2939 4790 querentem
2956 4714 3145 4784 ﬁdem,
3167 4713 3445 4785 prOpitiu:
3476 4711 3635 4787 ero
3657 4711 3780 4780 (Jer.

2214 4812 2295 4881 v).
2328 4810 2461 4864 Item
2478 4806 2724 4863 Ezechiel
2752 4806 2826 4859 ait
2850 4823 2861 4858 :
2890 4803 3128 4871 Quaesivi
3170 4802 3237 4857 de
3255 4802 3342 4857 his
3381 4802 3565 4856 virum
3591 4802 3679 4873 qui
3702 4800 3784 4855 in-

2219 4904 2545 4972 terponeret
2568 4911 2773 4965 sepem,
2798 4899 2853 4949 et
2866 4896 3049 4949 staret
3073 4893 3356 4964 appositus
3373 4906 3471 4945 con
3483 4894 3562 4943 ινα
3574 4903 3786 4957 πιεφνοο

2217 4992 2412 5062 ptcrea
2425 5003 2497 5042 ne
2510 4986 2843 5056 dissiparem
2857 4985 3063 5037 mmet
3078 4997 3187 5036 non
3203 4979 3394 5035 inveni
3406 4978 3617 5043 (Επειδὴ.
3632 4980 3781 5043 xxn).

2291 5077 2527 5131 Parnus.
2557 5073 2784 5129 Gaudeo
2812 5079 2869 5126 et
2897 5068 3099 5142 gratias
3128 5083 3251 5140 ago,
3315 5067 3440 5138 quia
3464 5066 3577 5135 jam
3608 5073 3657 5119 te
3687 5064 3781 5119 ali-

2219 5181 2379 5233 quam
2413 5163 2665 5219 veritatis
2693 5158 2982 5217 scintillam
3002 5157 3188 5213 videre
3218 5170 3513 5227 cognosco.
3531 5153 3625 5209 Dic
3642 5168 3777 5224 ergo,

2221 5256 2265 5311 si
2295 5254 2461 5319 nosti,
2494 5266 2746 5324 quaenam
2789 5263 2954 5305 causa
3009 5247 3173 5315 hujus
3225 5254 3333 5300 tam
3367 5245 3546 5317 longae
3590 5251 3781 5314 tamque

2219 5344 2356 5399 dirae
2383 5342 2544 5397 fuerit
2571 5337 2918 5410 captivitatis,
2971 5351 3092 5409 quas
3110 5337 3224 5407 jam
3254 5333 3404 5389 mille
3451 5331 3779 5405 quadraginta

2219 5432 2436 5487 duravit
2463 5428 2641 5484 annis.

2290 5519 2535 5572 Movsss.
2566 5516 2693 5570 Haec
2724 5511 2915 5568 eadem
2944 5516 3169 5581 peccata
3195 5516 3248 5563 et
3275 5507 3359 5563 his
3379 5503 3591 5562 similia.

2292 5607 2529 5661 Pramus.
2554 5604 2704 5659 Hanc
2758 5600 3027 5656 rationem
3057 5597 3208 5653 nulla
3236 5594 3438 5668 poteris
3490 5591 3779 5650 auctOritate

2216 5694 2431 5752 ﬁrmare
2450 5693 2576 5766 quia
2597 5707 2631 5747 a
2658 5689 2914 5748 trecentis
2952 5687 3111 5743 annis
3165 5692 3290 5742 ante
3310 5685 3620 5739 subversam
3664 5681 3775 5736 Hie-

2216 5793 2454 5849 rusalem
2508 5789 2687 5845 nullus
2711 5788 2767 5843 ia
2814 5781 3510 5857 lsraelprophetaexstitit,
3564 5778 3648 5850 qui
3693 5780 3778 5834 hoc

2211 5879 2532 5954 praedixerit
2569 5877 2653 5937 vel
2710 5874 3013 5947 scripserit,
3071 5872 3310 5939 maxime
3366 5884 3492 5927 cum
3554 5867 3777 5925 doctores
