3966 6398
255 434 361 486 569

1743 430 2058 488 DIALOGI.

3451 448 3554 500 5'70

247 554 418 609 vestri
451 552 632 610 dicant
664 554 768 610 hoc
791 561 999 608 tantum
1031 553 1198 610 fuisse
1219 569 1443 610 causam
1475 553 1848 610 subversionis
1876 557 1930 615 A
1965 557 2155 612 tilium.
2189 559 2268 613 Ad
2298 560 2442 616 hunc
2498 561 2802 634 principem
2855 567 3162 623 accendens
3220 569 3553 624 Nicodamus

254 651 790 720 Hierosolymorum,
820 652 962 721 quod
992 651 1130 705 alter
1157 651 1320 706 alteri
1350 652 1464 706 sine
1497 669 1553 707 re
1591 652 1845 706 inimica-

257 749 414 794 retur
442 748 493 794 et
523 740 813 794 invideret.
850 742 1080 810 Insuper
1119 741 1280 795 etiam
1339 741 1404 794 ad
1463 749 1566 796 ltJEB
1623 740 1845 795 rationis

251 841 680 896 destructionem
701 841 975 909 adjiciunt,
995 841 1433 912 quod,aedificato
1450 842 1671 910 templo,
1699 843 1845 897 Deus

257 930 320 983 in.
345 945 540 983 manus
571 945 758 984 eorum
801 929 1006 999 peccati
1061 930 1366 1000 principem
1422 931 1701 985 tradiderit
1757 931 1846 984 cui

254 1025 440 1098 ligatis
470 1025 726 1080 manibus
759 1034 809 1081 et
832 1027 1060 1097 pedibus
1091 1043 1254 1081 unum
1275 1028 1840 1096 evulseruntoculum,

256 1123 312 1168 et
345 1115 415 1168 ab
444 1130 508 1168 ea
539 1115 627 1169 die
658 1131 764 1168 non
797 1116 956 1169 habet
984 1123 1308 1186 potestatem
1333 1117 1586 1187 decipere
1609 1133 1770 1187 posse
1791 1118 1846 1170 in

258 1202 554 1257 homicidio
585 1212 636 1257 et
666 1203 994 1273 idololatria,
1028 1212 1081 1259 et
1109 1205 1640 1276 consanguinearum
1671 1206 1847 1276 turpi-

257 1299 444 1354 tudine
476 1300 794 1354 revelanda.
835 1301 956 1356 Non
989 1317 1123 1371 ergo
1153 1302 1336 1356 omnia
1368 1317 1432 1356 ea
1466 1319 1588 1373 quae
1633 1302 1846 1356 fuerant

253 1387 478 1457 prioris,
515 1389 768 1443 secunda:
799 1405 1015 1460 quoque
1044 1405 1202 1444 causa
1236 1390 1449 1444 fuerunt
1482 1391 1838 1460 captivitatis.

263 1477 463 1531 Dicunt
493 1477 654 1530 etiam
685 1478 854 1548 quod,
897 1479 1102 1547 templo
1149 1480 1430 1542 existente,
1489 1479 1640 1532 inulti
1695 1489 1846 1533 erant

257 1565 506 1620 homines
540 1564 698 1620 bonae
729 1566 869 1634 vita},
905 1566 997 1637 qui
1037 1568 1316 1636 prophetae
1359 1568 1654 1622 debuerant
1701 1584 1843 1634 esse,

253 1661 299 1715 si
325 1671 538 1731 tempus
569 1662 758 1717 fuisset
777 1664 1091 1733 prophetiae.
1113 1665 1260 1718 Multi
1287 1667 1447 1720 etiam
1479 1673 1673 1735 praeter
1693 1682 1845 1719 usum

256 1750 527 1805 faciebant
558 1767 697 1806 nova
730 1753 1010 1818 miracula,
1043 1753 1208 1808 veluti
1241 1754 1425 1808 dicunt
1475 1755 1741 1809 Joannem
1793 1752 1846 1808 fi-

254 1838 388 1892 lium
419 1839 618 1894 Zachai
649 1849 814 1895 tantae
844 1842 1142 1896 sanctitatis
1174 1841 1340 1897 fuisse
1399 1843 1566 1913 quod,
1631 1859 1755 1898 cum
1792 1843 1844 1896 in

1953 646 2028 700 ait
2059 665 2071 701 :
2106 669 2126 694 α
2162 647 2464 704 Cisternam
2493 659 2636 705 tuam
2673 655 2801 708 mihi
2829 656 2899 710 ad
2929 657 3091 711 totius
3114 658 3296 726 populi
3319 672 3477 728 opus,
3503 657 3551 713 si

1953 734 2148 806 placet,
2183 739 2444 803 concede,
2478 745 2531 793 et
2562 758 2733 812 usque
2764 743 2816 796 in
2847 744 2988 798 diem
3047 745 3197 798 illum
3253 746 3548 801 cisternam

1953 850 2072 889 cum
2105 851 2260 905 aqua,
2294 837 2378 891 vel
2407 854 2566 909 aeque
2595 840 2782 894 valens
2814 842 3042 910 pretium
3073 845 3316 898 reddam.
3343 869 3364 893 δ
3400 843 3549 907 Quid

1956 923 2124 978 multa
2151 924 2178 976 ?
2207 924 2365 993 Quod
2399 927 2689 994 postulavit
2720 928 3046 999 impetravit,
3081 940 3136 986 et
3178 933 3360 1002 populi
3400 933 3546 987 sitim

1955 1015 2308 1080 compescuit.
2343 1015 2450 1069 Sed
2479 1031 2600 1070 cum
2624 1021 2822 1072 statuto
2842 1018 2930 1074 die
2950 1020 3190 1074 creditor
3212 1021 3300 1075 ille
3315 1022 3543 1091 pretium

1955 1112 2278 1181 qumsiturus
2309 1114 2548 1180 adesset,
2609 1123 2660 1170 et
2718 1103 2838 1186 prae
2889 1118 3051 1172 nimia
3111 1119 3351 1174 siccitate
3407 1120 3542 1174 nihil

1954 1215 2112 1268 aqua;
2161 1201 2396 1256 cisterna
2455 1203 2696 1270 haberet,
2753 1205 3108 1269 Nicodamus,
3167 1209 3413 1263 oratione
3471 1210 3544 1264 ad

1955 1289 2128 1342 Deum
2161 1288 2299 1354 fusa,
2323 1290 2562 1361 pluviam
2589 1293 2656 1346 de
2679 1294 2817 1348 cmlo
2841 1295 3148 1364 impetravit
3171 1313 3337 1366 super
3377 1305 3542 1351 totam

1953 1394 2255 1450 terram,et
2276 1389 2590 1454 cisternam,
2624 1391 2756 1447 sicut
2805 1403 3106 1462 acceperat,
3165 1396 3382 1465 plenam
3440 1396 3544 1450 do-

1955 1476 2100 1530 mino
2120 1493 2218 1531 suo
2250 1479 2615 1534 restituit.Sed
2641 1482 2767 1551 quia
2785 1483 2836 1536 in
2863 1483 2990 1536 hora
3021 1500 3126 1555 qua
3155 1484 3342 1538 eadem
3363 1483 3544 1554 pulvia

1954 1564 2251 1630 descendit,
2278 1567 2395 1635 jam
2427 1569 2546 1623 dies
2577 1569 2828 1625 inclinata
2859 1581 2980 1626 erat
3009 1573 3079 1626 ad
3111 1589 3421 1642 vesperum,
3463 1576 3538 1627 ait

1956 1661 2211 1732 princeps
2238 1664 2305 1717 ad
2337 1665 2741 1720 Nicodemum:
2797 1688 2819 1713 ι
2876 1670 3083 1739 Aquam
3143 1669 3360 1740 quidem
3420 1683 3546 1722 ora-

1957 1749 2102 1805 tione
2133 1759 2224 1804 tua
2256 1753 2479 1822 recipio,
2503 1755 2598 1809 sed
2624 1762 2805 1810 tamen
2830 1758 3079 1826 quoniam
3101 1758 3409 1812 constitutae
3431 1757 3541 1812 diei

1955 1845 2067 1893 tota
2089 1841 2297 1895 transiit
2317 1843 2468 1906 hora,
2493 1844 2731 1912 pretium
2748 1861 2812 1898 ex
2835 1845 3018 1900 debito
3041 1845 3169 1899 mihi
3197 1846 3411 1900 solvere
3435 1845 3540 1899 de-

253 1941 514 1996 cathedra
536 1957 636 1997 sua
665 1943 734 1996 ad
758 1943 1045 2014 legendum
1078 1943 1243 1998 libros
1270 1961 1398 2000 suos
1428 1945 1662 2013 sederet,
1698 1947 1842 2000 Deus
1876 1905 1928 1964 B
1958 1937 2072 1990 bes.
2112 1961 2132 1983 ιι
2161 1938 2258 1991 Ille
2280 1939 2442 2006 igitur
2472 1939 2607 1994 facta
2636 1940 2832 1995 iterum
2863 1943 3123 2002 oratione.
3157 1942 3291 1996 solis
3313 1957 3539 1996 cursum

256 2031 327 2083 ad
359 2030 756 2084 ostendendam
786 2031 1098 2086 meritorum
1147 2033 1264 2101 ejus
1323 2034 1594 2100 virtutem,
1653 2050 1845 2090 omnes

255 2135 386 2173 aves
420 2136 588 2188 super
617 2137 740 2174 eum
772 2120 1078 2185 volitantes,
1112 2123 1445 2177 coxicremari
1476 2132 1526 2176 et
1549 2123 1604 2176 in
1647 2131 1843 2178 terram

256 2223 420 2262 ruere
449 2207 601 2261 fecit.
639 2208 718 2262 De
747 2208 853 2262 alio
881 2225 1118 2280 quoque,
1181 2211 1359 2264 Hunni
1408 2210 1678 2273 videlicet,
1738 2212 1844 2267 tale

254 2303 406 2358 aliud
437 2304 754 2360 miraculum
785 2313 1048 2360 astruunt.
1079 2307 1434 2376 Temporibus
1465 2308 1678 2378 quidem
1727 2310 1845 2376 ejus

253 2399 456 2446 terram
490 2393 674 2448 dicunt
704 2393 999 2448 siccitatem
1022 2395 1329 2464 pertulisse.
1364 2396 1467 2463 Qui
1517 2397 1718 2452 circulo
1776 2398 1843 2452 de

256 2479 530 2550 lapidibus
563 2480 824 2536 fabricato
849 2482 1134 2554 ingressus
1165 2491 1247 2538 est
1276 2483 1393 2554 ipse
1425 2485 1478 2538 in
1509 2501 1657 2553 eum,
1687 2495 1737 2540 et
1773 2486 1844 2540 ait

253 2577 325 2631 ad
355 2578 523 2632 Deum
559 2595 573 2631 :
611 2599 634 2629 ιι
667 2579 796 2634 Juro
826 2596 922 2650 per
946 2597 1143 2635 nomen
1176 2591 1344 2646 tuum,
1379 2583 1542 2648 Deus,
1568 2584 1711 2654 quod
1735 2599 1841 2638 non

258 2666 388 2721 hinc
418 2667 695 2739 egrediar,
715 2669 817 2722 nisi
841 2669 1018 2738 pluvia
1037 2669 1090 2722 in
1111 2677 1308 2724 terram
1333 2673 1648 2726 descendat.
1671 2695 1692 2719 »
1723 2673 1841 2727 Coe-

251 2755 329 2824 pit
358 2771 490 2826 ergo
519 2756 763 2809 minutim
795 2758 1002 2827 pluere,
1036 2758 1134 2813 sed
1167 2758 1286 2828 ipso
1319 2760 1580 2829 majorem
1605 2762 1840 2831 pluviam

252 2857 580 2926 postulante,
606 2865 786 2912 tantus
816 2859 990 2914 imber
1017 2861 1297 2915 descendit
1349 2870 1405 2916 ut
1471 2879 1610 2932 pene
1670 2871 1842 2918 teri-a5

253 2959 444 2999 omnes
475 2947 782 3002 vastaverit.
816 2947 922 3001 Sed
954 2949 1147 3003 eodem
1197 2950 1546 3005 mediocriter
1602 2960 1838 3022 petente,

260 3047 441 3118 pluvia
475 3056 771 3118 temperata
802 3049 1109 3114 descendit,
1145 3059 1194 3104 et
1226 3059 1372 3104 terra
1405 3053 1560 3106 bonis
1590 3055 1842 3108 omnibus

255 3136 594 3190 redundavit.
625 3137 787 3192 Aiunt
817 3138 980 3192 etiam
1009 3139 1077 3192 de
1105 3139 1355 3194 Annania
1385 3139 1495 3195 filio
1526 3142 1666 3196 Dosa
1699 3143 1840 3214 quod

259 3241 362 3280 vox
396 3226 637 3296 quotidie
671 3229 737 3280 de
759 3235 942 3281 monte
992 3229 1174 3282 Horeb
1227 3229 1501 3283 sanctitati
1558 3231 1678 3300 ejus
1734 3233 1840 3285 tale

257 3324 517 3381 afferebat
550 3327 933 3388 testimonium.
969 3328 1192 3384 dicens:
1232 3354 1253 3377 υ
1302 3332 1520 3400 Propter
1549 3331 1838 3387 bonitatem

255 3415 518 3470 Annaniae
549 3415 640 3470 lilii
690 3417 836 3471 Dosa
890 3425 1060 3472 totum
1114 3419 1372 3472 mundum
1437 3420 1701 3489 guberno.
1754 3437 1842 3477 cm

254 3511 431 3558 tamen
464 3520 659 3574 parum
702 3507 827 3576 quid
855 3507 986 3560 satis
1016 3507 1084 3562 de
1114 3507 1233 3577 ipso
1255 3507 1684 3565 sufﬁcitmundo.
1714 3531 1735 3560 ι
1763 3512 1842 3566 De

260 3609 366 3663 quo
397 3602 449 3648 et
471 3594 614 3648 aliud
647 3595 754 3648 tale
793 3596 1112 3650 miraculum
1170 3602 1443 3652 astruunt.
1518 3599 1651 3653 Cum
1698 3601 1839 3654 enim

251 3682 368 3752 ipse
398 3691 450 3736 et
480 3699 612 3737 uxor
643 3683 757 3750 ejus
779 3684 940 3739 ambo
971 3702 1068 3754 pro
1099 3687 1214 3740 Deo
1246 3686 1406 3739 vitam
1440 3689 1839 3757 pauperrimam

255 3771 533 3836 ducerent,
566 3771 715 3826 omni
743 3773 831 3827 die
868 3774 1090 3827 Veneris
1120 3775 1392 3847 clibanum
1425 3775 1662 3830 calefieri
1687 3777 1842 3845 jube-

251 3858 358 3924 bat,
392 3867 449 3912 ut
478 3859 710 3929 proximi
741 3868 793 3914 et
824 3861 982 3916 vicini
1016 3863 1131 3930 ejus
1161 3879 1284 3917 eum
1315 3864 1450 3918 cibis
1491 3863 1729 3930 afﬂuere,
1789 3874 1841 3920 et

253 3947 390 4026 bene
417 3948 701 4002 crederent
730 3949 933 4004 vivere.
969 3949 1215 4017 Quadam
1246 3951 1408 4022 igitur
1436 3953 1522 4006 die
1536 3967 1658 4008 cum
1681 3953 1840 4008 solito

251 4051 400 4089 more
429 4036 698 4091 clibanum
745 4039 1000 4092 succendi
1053 4041 1421 4109 praecepisset,
1482 4050 1533 4095 et
1592 4043 1839 4112 quaedam

255 4123 551 4178 vicinarum
582 4142 748 4196 quare
782 4127 882 4182 hoc
915 4125 1065 4182 ﬁeret
1095 4129 1592 4196 animadvertisset,
1627 4131 1694 4184 ad
1736 4130 1838 4186 cli-

251 4226 450 4281 banum
480 4229 658 4283 subito
690 4229 856 4294 venit,
885 4239 938 4284 ut
969 4246 1161 4285 eorum
1216 4231 1366 4286 facta
1427 4233 1676 4286 revelans
1735 4242 1842 4287 tam

253 4317 366 4370 viro
391 4333 552 4387 quam
582 4317 793 4372 mulieri
826 4319 1211 4374 verecundiam
1263 4320 1507 4375 inferret.
1563 4322 1627 4375 Ut
1679 4322 1843 4392 igitur

255 4413 324 4466 ad
355 4413 628 4468 clibanum
662 4415 806 4470 venit
835 4424 887 4470 et
932 4415 1272 4486 introspexit,
1334 4417 1551 4486 planum
1610 4419 1842 4488 panibus

255 4500 410 4566 vidit,
445 4503 588 4572 quod
623 4503 880 4558 velociter
908 4519 1134 4560 Currens
1183 4504 1422 4574 praefatae
1459 4506 1673 4561 mulieri
1725 4524 1838 4561 nun

1872 3260 1922 3322 (Ξ.

1949 2025 2193 2091 detinuit,
2222 2036 2273 2081 et
2305 2035 2414 2082 toto
2447 2029 2648 2083 mundo
2679 2031 2796 2097 ejus
2827 2030 3027 2084 lumine
3060 2031 3326 2085 illustrato
3371 2029 3543 2084 debiti

1949 2116 2303 2185 quaestionem
2361 2118 2550 2171 evasit.
2611 2120 2689 2173 De
2745 2119 2961 2173 Achiba
3038 2119 3202 2174 etiam
3278 2119 3540 2190 scriptum

1951 2214 2158 2267 habetis
2189 2215 2333 2285 quod
2365 2231 2469 2285 quo
2493 2216 2732 2285 lcunque
2791 2217 3120 2285 postulasset
3175 2233 3208 2271 a
3259 2218 3374 2271 Deo
3431 2216 3538 2270 im-

1947 2303 2247 2372 pretrabat.
2311 2304 2384 2357 De
2440 2305 2593 2372 cujus
2636 2305 2937 2359 sanctitatis
2992 2305 3368 2376 magnitudine
3429 2305 3534 2360 hoc

1948 2390 2163 2462 legitur.
2187 2390 2344 2460 Quod
2367 2407 2488 2447 cum
2509 2395 2721 2462 Moyses
2743 2393 2795 2447 in
2819 2402 3056 2449 montem
3078 2410 3174 2463 pro
3192 2393 3536 2464 suscipienda

1949 2490 2072 2560 lege
2101 2489 2355 2553 subisset,
2391 2497 2442 2543 et
2471 2489 2655 2543 omnia
2678 2499 2795 2560 post
2827 2507 2950 2545 eum
2982 2491 3160 2545 futura
3192 2500 3460 2560 tempora,
3489 2498 3542 2545 et

1949 2594 2142 2633 omnes
2174 2579 2494 2634 saeculorum
2525 2580 2908 2648 generationes
2967 2581 3169 2650 Spiritu
3208 2588 3394 2634 sancto
3451 2579 3538 2633 di-

1946 2675 2120 2722 ctante
2148 2667 2520 2736 praecavisset,
2547 2676 2596 2722 et
2629 2668 2768 2722 inter
2799 2667 3046 2722 homines
3085 2668 3286 2723 Achiba
3335 2668 3532 2722 huma-

1941 2779 2067 2817 nam
2099 2764 2363 2819 excedere
2395 2765 2582 2829 vitam,
2616 2773 2670 2820 et
2716 2766 2928 2836 magnis
2977 2765 3183 2820 meritis
3236 2765 3530 2835 pollentem

1940 2852 2185 2917 vidisset,
2218 2853 2291 2906 ait
2321 2854 2391 2908 ad
2423 2856 2633 2909 Deum:
2672 2876 2694 2905 ι
2731 2856 2864 2908 Cum
2894 2863 2999 2908 tam
3056 2854 3358 2924 probabilis
3407 2854 3530 2908 vitas

1943 2940 2155 2995 futurus
2185 2942 2252 2994 sit
2283 2943 2463 3008 homo,
2498 2959 2689 3014 quare,
2729 2943 2976 3006 Domine,
3028 2959 3124 3013 per
3175 2959 3262 2997 me
3314 2949 3369 2998 et
3425 2959 3531 2998 non

1952 3037 2128 3108 magis
2160 3053 2259 3106 per
2287 3054 2410 3092 eum
2440 3037 2622 3109 legem
2663 3048 2810 3091 tuam
2868 3039 3081 3108 populis
3139 3038 3314 3107 placet
3380 3037 3537 3092 mini-

1949 3135 2125 3181 strare
2152 3127 2180 3179 ?
2216 3149 2236 3173 ιι
2273 3127 2354 3180 Ad
2385 3129 2499 3181 hzec
2535 3129 2677 3181 Deus
2711 3145 2723 3180 :
2763 3150 2784 3174 «ι
2822 3126 3112 3196 Quoniam,
3147 3127 3336 3197 inquit,
3373 3125 3458 3180 lex
3483 3126 3538 3180 in

1952 3215 2202 3284 praesenti
2229 3224 2310 3269 est
2340 3217 2539 3270 mundo
2571 3216 2901 3279 necessaria,
2927 3215 3141 3269 Achiba
3190 3223 3365 3268 autem
3417 3223 3543 3299 post

1952 3311 2117 3382 longa
2147 3310 2357 3365 futurus
2387 3319 2468 3364 est
2493 3320 2756 3382 tempora.
2805 3332 2826 3361 ι
2865 3312 2922 3365 In
2969 3312 3050 3364 his
3099 3312 3258 3364 datur
3312 3306 3546 3382 intelligl

1950 3401 2093 3470 quod
2124 3401 2334 3472 Moyses
2367 3400 2514 3454 illum
2545 3401 2614 3454 de
2644 3416 2752 3470 quo
2783 3401 2910 3454 talia
2967 3401 3203 3464 dicebat,
3267 3400 3430 3470 longe
3486 3415 3544 3454 se

1950 3489 2229 3544 meliorem
2259 3489 2606 3558 prmvidebat.
2645 3489 2708 3543 Hi
2741 3497 2794 3543 et
2854 3490 2944 3542 alii
3001 3489 3208 3544 similes
3257 3489 3342 3542 his
3384 3496 3540 3542 erant

1949 3588 2108 3641 vobis
2139 3587 2374 3656 majores
2404 3588 2700 3655 etjudices,
2738 3587 2826 3658 qui
2859 3586 3158 3641 minoribus
3190 3586 3334 3641 bona
3376 3601 3543 3656 agere

1947 3675 2306 3744 imperabant,
2343 3685 2396 3730 et
2426 3693 2652 3746 quorum
2686 3676 2907 3730 monitis
2938 3675 3123 3730 caeteri
3154 3675 3388 3730 libenter
3433 3675 3537 3729 ob-

1948 3765 2342 3833 temperabant.
2377 3764 2618 3833 Quorum
2641 3766 2685 3818 si
2720 3764 2801 3818 vel
2835 3781 2972 3818 unus
3019 3763 3209 3817 similis
3233 3763 3285 3817 in
3339 3762 3546 3833 prioris

1949 3861 2274 3932 captivitatis
2307 3869 2550 3931 tempore
2581 3862 2788 3922 fuisset,
2844 3875 3210 3931 nequaquam,
3265 3867 3320 3912 ut
3378 3874 3542 3929 supra

1948 3953 2116 4006 Deum
2147 3950 2348 4004 dixisse
2380 3966 2478 4019 per
2505 3951 2798 4003 Jererniam
2819 3949 3153 4004 ostendimus
3171 3949 3304 4017 (Jer.
3340 3950 3415 4017 v),
3443 3963 3537 4003 ca-

1951 4039 2162 4109 ptivitas
2195 4039 2329 4092 facta
2355 4037 2560 4092 fuisset.
2599 4039 2662 4092 Et
2693 4038 2835 4109 quod
2870 4037 3041 4106 magis
3075 4036 3383 4090 mirandum
3431 4043 3542 4113 est.

1949 4138 2031 4191 his
2061 4137 2254 4190 diebus
2275 4135 2470 4207 quibus
2501 4135 2760 4190 meliores
2793 4135 2990 4189 horum
3022 4135 3317 4203 pollebant,
3379 4133 3544 4188 iidem

1950 4226 2231 4280 destructo
2263 4225 2466 4294 templo
2497 4224 2757 4294 captivati
2789 4232 2911 4277 sunt
2943 4223 3135 4278 Judaei.
3173 4223 3267 4277 Dic
3311 4238 3466 4294 ergo,
3511 4236 3543 4277 ο

1950 4316 2182 4384 Moyses,
2216 4329 2459 4384 quaenam
2493 4315 2648 4381 hujus
2672 4313 2999 4383 captivitatis
3025 4312 3181 4367 fuerit
3205 4327 3391 4378 causa,
3417 4311 3541 4384 quia

1950 4427 2106 4483 quam
2137 4411 2357 4465 dixeras
2381 4420 2563 4480 supra,
2597 4410 2742 4465 nulla
2772 4410 2984 4465 ratione
3015 4418 3121 4463 stat
3146 4409 3322 4464 firma.

2021 4527 2267 4581 Movsas.
2303 4525 2442 4595 Quid
2473 4525 2619 4580 aliud
2651 4526 2824 4580 dicam
2854 4541 2961 4580 non
2998 4525 3193 4590 habeo,
3229 4523 3332 4578 nisi
3391 4524 3537 4594 quod

254 4589 422 4642 ῐίθνίι·
457 4588 594 4658 Qua3
624 4607 740 4645 eam
774 4593 876 4647 hoc
906 4609 1012 4647 ηοη
1045 4593 1310 4661 veritatis,
1373 4597 1469 4649 Sed
1518 4595 1832 4665 improperii
1861 4610 1916 4672 D
1945 4616 2107 4685 longe
2131 4588 2377 4685 tempore
2400 4614 2739 4668 subsistente
2758 4613 2959 4684 templo
2982 4588 3211 4684 peccata
3229 4588 3540 4682 multapau-

254 4701 414 4741 causa
443 4687 625 4742 dicere
643 4689 936 4756 aestimans,
961 4691 1189 4746 credere
1211 4692 1402 4757 noluit,
1426 4693 1841 4763 donecipsamet

254 4775 522 4844 probavit.
563 4777 660 4829 Ivit
683 4778 873 4846 igitur,
909 4780 1140 4848 aspexit,
1201 4781 1342 4835 sicut
1400 4780 1574 4835 vicina
1631 4781 1840 4836 dixerat

254 4879 373 4917 esse
404 4864 630 4926 invenit,
662 4874 714 4919 et
743 4867 810 4920 ad
835 4867 1005 4921 virum
1040 4868 1344 4922 laetabunda
1379 4886 1649 4940 regressa,
1700 4886 1839 4941 quo-

259 4960 421 5013 modo
452 4961 650 5031 iniqua:
683 4962 924 5017 mulieris
965 4964 1293 5020 voluntatem
1346 4968 1489 5020 Deus
1534 4977 1840 5022 commuta—

253 5048 387 5103 verit
417 5051 468 5102 in
503 5051 782 5116 honorem,
810 5051 860 5105 ei
891 5069 954 5106 ex
986 5053 1174 5108 ordine
1196 5055 1400 5109 retulit.
1428 5056 1522 5110 Ille
1555 5057 1837 5131 indignum

248 5138 493 5204 judicans
525 5147 579 5192 ut
607 5139 749 5210 quod
787 5140 931 5195 Deus
960 5141 1026 5195 ad
1060 5143 1375 5197 miraCulum
1408 5143 1610 5199 fecerat
1636 5147 1688 5199 in
1707 5163 1836 5218 pro-

252 5238 428 5309 prium
461 5256 620 5293 suum
652 5250 889 5296 sumeret
920 5259 1097 5309 usum,
1132 5243 1262 5296 nihil
1295 5261 1365 5299 ex
1396 5261 1461 5300 eo
1491 5263 1550 5300 se
1593 5256 1838 5318 gustatu-

252 5343 366 5380 rum
395 5343 518 5382 esse
550 5330 846 5399 respondit,
874 5331 969 5385 sed
993 5339 1158 5385 totum
1183 5333 1294 5386 dari
1318 5334 1646 5404 pauperibus
1680 5337 1828 5392 fecit.

250 5414 410 5468 Aiunt
461 5425 731 5485 praeterea
777 5418 990 5474 eisdem
1063 5421 1396 5490 temp0tibus
1483 5424 1837 5479 Nicodamum

255 5516 528 5571 Guirionis
559 5517 725 5571 ﬁlium
753 5519 910 5574 valde
938 5521 1222 5576 laudabilis
1252 5523 1377 5577 vita:
1415 5523 1588 5579 fuisse
1627 5526 1826 5580 virum.

251 5605 410 5670 Cujus
438 5605 634 5660 diebus
665 5607 886 5662 siccitas
919 5617 1068 5663 tanta
1101 5621 1294 5664 terram
1315 5614 1534 5681 pressit,
1567 5622 1834 5670 uteuntes

250 5693 316 5748 ad
349 5694 609 5764 templum
640 5698 904 5750 orationis
935 5713 1115 5766 causa,
1151 5700 1281 5753 nihil
1303 5703 1447 5772 quod
1480 5703 1735 5758 biberent
1780 5704 1832 5758 in

253 5791 336 5848 via
364 5791 568 5846 habere
601 5793 924 5862 potuissent.
961 5797 1091 5850 Erat
1137 5807 1313 5852 autem
1367 5799 1418 5852 in
1470 5800 1664 5856 itinere
1720 5802 1834 5857 illic

248 5881 496 5937 euntibus
525 5881 761 5938 cisterna
790 5885 1038 5954 quaedam
1067 5886 1350 5955 cujusdam
1393 5889 1655 5962 principis
1697 5907 1826 5963 gen-

1950 4705 2095 4758 latim
2123 4713 2511 4759 succreverunt
2541 4719 2660 4758 cum
2691 4703 2804 4768 illo,
2863 4703 3004 4773 quod
3059 4707 3230 4756 nostri
3287 4702 3541 4757 doctores

1947 4793 2214 4856 dixerunt,
2247 4793 2342 4846 sed
2375 4792 2726 4860 multiplicato
2757 4790 2973 4846 delicto.

2019 4901 2232 4953 Pa'rnus
2285 4897 2441 4967 Quod
2473 4897 2610 4953 dicis
2643 4898 2904 4968 templum
2941 4895 3244 4951 substitisse
3284 4903 3534 4965 tempore

1945 4986 2131 5058 longo,
2165 4987 2355 5042 decem
2386 4985 2628 5056 profecto
2673 4995 2873 5040 tantum
2930 5001 3197 5040 annorum
3257 4985 3534 5040 curricula

1945 5076 2199 5142 substitit,
2233 5092 2392 5146 supra
2418 5076 2559 5147 quod
2591 5076 2822 5130 alterum
2847 5075 3054 5132 scilicet
3079 5074 3386 5130 Salomonis
3408 5083 3535 5129 ante

1944 5175 2286 5228 subsisteret.
2318 5173 2475 5241 Quod
2505 5181 2682 5227 autem
2715 5174 2849 5229 dici;
2884 5173 3012 5244 quia
3043 5185 3268 5242 peccata
3282 5180 3404 5226 sunt
3434 5187 3536 5226 cu-

1947 5263 2142 5317 mulata
2173 5264 2431 5330 peccatis,
2467 5263 2605 5316 ratio
2631 5279 2735 5316 non
2771 5261 2979 5331 recipit.
3043 5263 3099 5315 In
3157 5261 3333 5330 prima
3388 5261 3536 5315 enim

1945 5351 2258 5421 captivitate
2289 5351 2413 5406 ideo
2443 5359 2666 5422 peccata
2700 5359 2822 5404 sunt
2852 5351 3038 5404 addita
3094 5349 3354 5421 peccatis,
3417 5353 3542 5420 quia

1948 5465 2104 5521 reges
2135 5449 2302 5521 iniqui
2331 5449 2633 5518 exemplum
2666 5449 2791 5502 mali
2825 5448 3154 5519 praestabant
3186 5448 3326 5516 aliis,
3387 5447 3542 5503 scili-

1940 5547 2024 5592 cet
2059 5539 2228 5592 Deum
2260 5539 2676 5608 postponebant,
2712 5537 2858 5592 idola
2888 5538 3213 5602 adorabant,
3249 5545 3301 5592 et
3351 5553 3534 5607 popu-

1939 5626 2050 5680 lum
2082 5627 2225 5681 idem
2254 5627 2430 5682 facere
2485 5627 2780 5697 cogebant,
2847 5627 2992 5681 velut
3052 5625 3177 5681 fecit
3234 5625 3533 5692 Ochozias,

1936 5717 2129 5779 Actias,
2186 5718 2486 5780 Minasses,
2550 5720 2742 5778 Ain-in,
2807 5714 3073 5770 Sedecias
3127 5715 3223 5783 (IV
3298 5716 3425 5782 Reg.
3487 5729 3526 5776 ι,

1939 5821 2055 5868 xvx,
2089 5819 2191 5858 xxi
2222 5809 2277 5860 et
2313 5806 2492 5874 xxw.)
2525 5805 2803 5874 Principes
2860 5813 3043 5858 autem
3106 5801 3330 5858 secundi
3387 5809 3532 5854 tem-

1938 5893 2087 5965 poris
2117 5894 2338 5950 omnino
2368 5893 2628 5950 contrarii
2680 5900 2856 5959 erant,
2919 5891 3050 5964 quia
3104 5891 3302 5945 bonam
3360 5904 3538 5958 agen-
