3966 6446
400 437 497 495 571

1321 437 1523 492 PETRI
1564 436 1923 493 ALPllONSl
1960 436 2057 491 EX
2096 437 2340 494 JUDEO
2379 436 2780 494 CHRISTIANI

3600 440 3729 496 572

403 569 484 619 te’s
511 561 678 619 vitam
709 561 873 620 etiam
903 563 1161 635 populum
1193 562 1444 634 exemplo
1493 563 1575 619 sui
1621 563 1764 618 bene
1811 563 1999 618 vivere
2026 564 2081 623 A
2109 563 2351 631 duceret,
2382 571 2439 618 ut
2469 578 2591 619 cum
2623 578 2688 617 ea
2714 563 3055 631 dormitaret,
3107 569 3162 619 et
3216 562 3298 619 sic
3352 562 3585 618 demum
3642 563 3729 618 ad

403 653 695 723 cogebant.
729 652 848 722 Qua
879 669 1014 724 ergo
1044 653 1252 709 ratione
1280 652 1494 707 ostendi
1537 660 1716 725 potest
1757 661 1832 708 tot
1878 668 2003 722 pec-

404 751 527 804 oata
555 749 912 816 succrevisse,
949 758 1004 803 ut
1034 756 1328 819 propterea
1358 748 1428 802 sit
1472 749 1755 819 captivitas
1807 748 1949 805 facta
1971 737 2003 792 Ἰ

404 837 567 907 Quod
595 847 776 893 autem
806 838 944 893 dicis
974 846 1199 908 pr0pter
1236 838 1682 893 malevolentiam
1733 853 1893 909 quam
1933 840 2000 893 ad

403 926 637 983 invicem
670 926 943 981 habebant
972 926 1341 997 captivitatem
1372 928 1521 982 illam
1572 926 1771 982 factam
1810 928 1995 994 fuisse,

404 1033 566 1080 rectae
595 1025 824 1079 rationis
882 1028 990 1078 non
1047 1025 1294 1079 innititur
1351 1028 1618 1081 anchora.
1680 1027 1792 1081 Hoc
1851 1027 1996 1081 enim

402 1122 687 1185 peccatum
706 1129 835 1184 pars
857 1130 961 1168 una
990 1114 1087 1168 fuit
1110 1131 1305 1169 eorum
1332 1132 1454 1186 quae
1472 1117 1523 1168 in
1540 1116 1719 1186 prima
1747 1116 1999 1171 fecerant

403 1202 737 1273 captivitate,
760 1218 862 1259 nec
883 1212 1105 1274 propter
1126 1204 1258 1257 illud
1282 1214 1463 1258 tamen
1509 1205 1773 1275 captivari
1823 1205 1998 1260 debe-

402 1306 539 1364 rent,
572 1298 676 1352 nisi
707 1313 831 1354 cum
860 1314 926 1355 eo
956 1308 1009 1355 et
1037 1298 1143 1355 alia
1188 1303 1403 1369 majora
1456 1317 1522 1356 eo
1570 1301 1990 1358 succrevissent.

401 1387 660 1457 Maiorum
688 1389 834 1443 enim
878 1397 933 1443 et
977 1389 1249 1444 minorum
1299 1390 1589 1446 criminum
1636 1392 1994 1462 quantitatem

401 1492 502 1531 nos
531 1477 808 1532 nescimus
860 1478 1201 1544 discernere,
1245 1480 1350 1533 nisi
1408 1481 1712 1536 secundum
1769 1482 1995 1536 modum

402 1572 623 1630 ultionis
649 1575 819 1629 aDeo
852 1574 1096 1631 indictae.
1138 1577 1306 1643 Hujus
1344 1584 1526 1631 autem
1576 1576 1833 1642 vindicta,
1885 1593 1994 1632 non

402 1671 485 1718 est
511 1663 616 1717 nisi
645 1664 1013 1735 quadraginta
1068 1665 1312 1736 ﬂagella.
1378 1665 1505 1721 Alia
1564 1674 1690 1720 sunt
1741 1666 1990 1733 crimina,

402 1767 636 1823 quorum
665 1760 748 1807 est
776 1754 951 1821 major
978 1753 1236 1819 vindicta,
1267 1754 1475 1811 scilicet
1505 1770 1630 1810 cum
1675 1755 1797 1827 quis
1844 1771 1992 1825 prte-

401 1840 599 1912 cipitur
628 1841 713 1896 vel
741 1842 918 1911 capite
945 1842 1129 1911 plecti,
1164 1844 1248 1898 vel
1275 1843 1457 1915 laquei
1487 1844 1848 1915 suspensione
1887 1861 1990 1900 ne-

2108 652 2355 708 .ludaaum
2386 653 2600 708 rediens
2629 653 2883 708 nuberet.
2924 652 3046 715 Qua
3076 653 3144 708 de
3174 669 3235 708 re
3289 652 3426 708 adeo
3481 652 3725 707 contriti

2110 751 2261 816 estis,
2294 759 2349 804 ut
2379 766 2542 805 nemo
2572 750 2851 823 virginem
2882 751 3215 821 desponsare
3251 750 3433 805 vellet.
3466 750 3565 805 Sic
3608 766 3729 821 per

2108 840 2351 894 omnium
2374 838 2751 893 successiones
2780 848 3088 908 temporum
3119 838 3337 893 diversa
3364 838 3521 893 vobis
3551 838 3720 893 indi-

2110 929 2378 983 cebantur
2404 930 2660 982 mandata
2690 928 2978 995 malorum,
3012 936 3070 982 ut
3099 928 3232 999 ipsis
3263 936 3569 982 vestrorum
3617 934 3721 983 te-

2108 1023 2377 1079 stimoniis
2408 1025 2671 1093 probatur
2700 1025 2960 1079 librorum
2976 1064 2989 1078 .
3211 1083 3219 1093 .

2178 1114 2632 1170 Movsss.0mnia
2653 1113 2844 1184 procul
2868 1113 3036 1169 dubio
3057 1114 3328 1168 malorum
3349 1127 3550 1186 genera
3570 1127 3719 1169 con-

2107 1204 2265 1269 cedo,
2297 1204 2394 1258 sed
2418 1203 2536 1273 jam
2566 1204 2771 1258 dudum
2803 1203 3076 1259 inbianter
3121 1210 3283 1259 tanta
3332 1201 3712 1258 tribulationis

2106 1316 2326 1357 causam
2351 1301 2539 1357 audire
2568 1300 2853 1357 desidero.

2176 1409 2414 1463 Pnraus.
2448 1407 2586 1476 Quia
2617 1407 2885 1463 malorum
2935 1423 3154 1464 causam
3210 1408 3450 1481 ignoras,
3491 1408 3707 1465 idcirco

2105 1513 2276 1568 quare
2307 1505 2414 1552 tam
2446 1497 2610 1569 longa
2643 1497 2712 1551 sit
2743 1497 2953 1551 nescis.
2992 1497 3137 1553 Ecce
3177 1497 3319 1552 enim
3352 1500 3462 1565 jam
3520 1498 3573 1551 in
3637 1513 3706 1552 ea

2102 1585 2253 1640 mille
2283 1585 2650 1657 quadraginta
2681 1600 2857 1640 annos
2888 1585 3139 1657 expletis,
3174 1593 3227 1641 et
3273 1584 3448 1641 adhuc
3492 1593 3705 1657 quanto

2103 1683 2299 1738 durare
2329 1682 2525 1737 debeat
2555 1688 2821 1753 tempore,
2854 1681 3005 1737 nullo
3036 1681 3238 1752 scripto
3269 1690 3476 1737 certum
3519 1681 3703 1737 habe-

2100 1772 2215 1836 tis;
2252 1770 2481 1826 forensis
2512 1778 2692 1825 autem
2726 1770 2932 1840 justitia
2990 1771 3156 1842 exigit
3210 1778 3283 1835 ut,
3340 1769 3545 1843 punitis
3601 1777 3703 1824 aut

2101 1861 2331 1918 mortuis
2360 1860 2444 1914 his
2478 1860 2570 1932 qui
2595 1860 2805 1915 facinus
2821 1860 3037 1930 aliquod
3060 1859 3401 1924 commisere,
3427 1873 3700 1930 sequaces

401 1937 538 2004 cari,
570 1939 655 1994 vel
687 1939 961 2010 lapidibus
989 1941 1167 2005 obrui,
1203 1941 1291 1997 vel
1331 1942 1491 1996 etiam
1544 1942 1673 2013 igne
1724 1943 1981 1998 cremari.

2121 1977 2133 2013 ι
2162 1960 2475 2030 captivitate
2507 1959 2663 2014 liberi
2693 1959 2926 2014 debeant
2960 1975 3101 2027 esse,
3125 1958 3575 2031 quemadmodum
3598 1958 3700 2013 ba-

402 2026 690 2096 Quomodo
720 2044 855 2101 ergo
885 2045 1074 2083 verum
1107 2046 1230 2086 esse
1260 2039 1439 2100 potest
1460 2031 1856 2088 malevolentiae
1882 2032 1994 2087 cri-

400 2132 526 2172 men
557 2118 858 2185 majoribus
889 2118 1092 2190 tequari
1122 2118 1328 2175 debere
1358 2119 1386 2174 ?
1415 2120 1643 2176 Rursum
1670 2120 1809 2176 ratio
1838 2120 1992 2176 refu-

401 2214 485 2286 git
512 2214 745 2271 credere
776 2215 979 2270 crimen
1012 2216 1115 2271 hoc
1157 2217 1497 2287 temporibus
1534 2218 1640 2272 illis
1684 2219 1737 2272 in
1791 2228 1992 2273 tantum

402 2319 689 2377 regnasse,
721 2319 847 2360 cum
878 2306 1066 2377 Aggaei
1089 2307 1373 2376 prOpbetm
1390 2306 1556 2361 verba
1587 2316 1851 2363 testentur
1870 2325 1995 2366 con—

406 2401 611 2449 structo
633 2393 835 2464 templo
857 2394 1033 2448 Deum
1056 2394 1260 2450 dixisse
1284 2412 1296 2448 :
1321 2397 1514 2468 Magna
1544 2398 1656 2453 erit
1685 2398 1864 2470 gloria
1893 2400 1994 2454 do-

401 2508 531 2547 mus
554 2493 723 2548 istius
743 2495 1063 2548 novissimae
1077 2495 1206 2565 plus
1222 2512 1390 2566 quam
1409 2498 1630 2567 prima,
1655 2497 1793 2553 dicit
1814 2499 1997 2554 Domi-

402 2598 515 2638 nus
534 2582 913 2648 exercituum,
931 2586 987 2637 et
1005 2584 1065 2638 in
1094 2584 1208 2639 loco
1231 2586 1275 2639 is
1286 2588 1337 2639 to
1355 2585 1489 2641 dabo
1514 2601 1718 2657 pacem
1738 2587 1992 2658 (Agg.u).

474 2688 721 2743 Movsas.
754 2686 1025 2757 Quoniam
1056 2705 1247 2744 omnes
1277 2707 1523 2746 mearum
1557 2693 1832 2747 rationum
1872 2699 1997 2749 sunt

404 2784 585 2840 aditus
616 2786 876 2853 obstrusi,
905 2795 959 2841 tu
991 2787 1140 2854 mihi,
1201 2806 1406 2861 quaeso,
1465 2789 1625 2861 hujus
1681 2791 1997 2864 quaestionis

407 2884 515 2930 tua;
542 2874 827 2931 solutionis
856 2875 1010 2932 clave
1036 2877 1260 2945 januam
1292 2880 1464 2934 solve.

481 2982 717 3037 Ριςτιιυε.
764 2982 898 3037 Cum
953 2985 1282 3055 captivitatis
1339 2986 1609 3060 originem
1666 2997 1718 3043 et
1774 3004 1999 3045 causam

407 3080 648 3154 ignores,
679 3099 851 3155 quare
878 3084 1068 3138 eadem
1101 3095 1207 3139 tam
1238 3084 1377 3141 dura
1409 3085 1584 3152 fuerit,
1618 3095 1728 3142 tam
1760 3088 2000 3143 crudelis

409 3179 462 3226 et
490 3171 878 3239 intolerabilis,
914 3175 1247 3245 respondere
1278 3192 1384 3231 non
1414 3185 1593 3247 potes.
1628 3179 1684 3233 In
1710 3178 1882 3249 prima
1920 3188 2001 3234 et-

2106 2050 2260 2104 betur
2288 2049 2554 2120 scriptum
2586 2048 2638 2102 in
2673 2048 2817 2120 lege,
2852 2048 2997 2120 quod
3041 2049 3422 2119 exploratores
3476 2047 3565 2119 qui
3621 2047 3694 2103 ad

2104 2137 2557 2193 considerandam
2589 2137 3035 2209 repromissionis
3075 2145 3275 2193 terram
3307 2136 3458 2191 missi
3512 2143 3691 2202 erant,

2103 2254 2226 2294 cum
2257 2238 2355 2292 Dei
2384 2237 2651 2292 voluntati
2683 2237 2919 2292 rebelles
2952 2237 3256 2292 voluissent
3312 2236 3563 2297 existere.
3621 2251 3695 2290 na

2101 2334 2384 2398 peccatum
2414 2342 2597 2381 eorum
2629 2326 2857 2380 inultum
2888 2327 3168 2394 existeret,
3200 2324 3556 2398 quadraginta
3587 2339 3696 2379 an—

2105 2416 2191 2470 nis
2220 2416 2416 2470 morati
2447 2423 2570 2469 sunt
2598 2414 2652 2469 in
2682 2414 2994 2480 solitudine,
3020 2423 3073 2469 et
3127 2415 3180 2469 in
3240 2429 3426 2470 eorum
3480 2414 3697 2468 dierum

2106 2514 2297 2585 spatio,
2327 2529 2524 2568 omnes
2555 2513 2632 2567 illi
2664 2513 3112 2582 praevaricatores
3142 2512 3332 2568 obiere
3363 2512 3559 2580 (Num.
3593 2525 3700 2565 xm

2104 2609 2160 2660 et
2181 2607 2323 2671 xxv).
2356 2601 2567 2672 Quibus
2596 2602 2688 2657 tali
2718 2610 2893 2656 morte
2923 2601 3140 2672 punitis,
3174 2599 3269 2656 ﬁlii
3320 2602 3441 2674 quia
3485 2608 3700 2671 patrum

2104 2701 2261 2747 erant
2291 2692 2537 2747 insontes
2569 2691 2817 2757 crimine,
2853 2699 3057 2746 terram
3086 2689 3329 2762 patribus
3367 2689 3694 2761 promissam

2104 2790 2392 2846 introiere.
2426 2791 2483 2844 In
2507 2790 2983 2861 transmigratione
3014 2805 3230 2861 quoque
3280 2787 3570 2860 Babylonis
3610 2803 3697 2843 se-

2106 2880 2385 2951 ptuaginta
2414 2879 2541 2934 anni
2566 2889 2693 2933 sunt
2725 2878 3012 2944 demorati,
3037 2878 3211 2933 donec
3233 2877 3503 2933 defunctis
3521 2875 3698 2933 omni-

2108 2970 2210 3024 bus
2235 2985 2466 3040 quorum
2494 2969 2733 3039 peccatis
2762 2967 3052 3039 captivitas
3081 2966 3256 3022 fuerat
3288 2965 3439 3030 facta,
3464 2963 3557 3020 filii
3602 2964 3696 3037 qui

2106 3066 2244 3122 nihil
2274 3073 2719 3122 commeruerunt
2748 3066 2816 3120 de
2842 3067 2975 3137 jugo
3006 3072 3130 3119 sunt
3186 3064 3422 3119 liberati.
3483 3064 3540 3117 In
3595 3062 3698 3118 bac

2107 3171 2237 3213 vero
2268 3155 2581 3226 captivitate
2611 3171 2733 3227 quae
2763 3170 2793 3208 a
2820 3154 2938 3209 Tito
2968 3153 3106 3209 facta
3137 3162 3234 3217 est,
3283 3150 3700 3207 innumerabiles

408 3260 550 3315 enim
583 3261 899 3332 captivitate
930 3240 1051 3317 cum
1082 3264 1311 3320 aliorum
1354 3240 1505 3322 more
1552 3240 1885 3337 captivorum
1945 3269 1999 3322 in
2032 3290 2081 3354 Ο
2102 3245 2213 3315 jam
2245 3245 2571 3299 ίτδηείθνυοί
2600 3244 3006 3314 generationes!
3036 3259 3136 3298 "3°
3166 3242 3344 3351 '{dhuc
3387 3240 3545 3350 βοείη
3593 3241 3698 3348 h“.

406 3360 744 3430 Babylonem
775 3361 920 3417 ducti
951 3362 1200 3430 fuissent,
1230 3364 1435 3419 nullam
1469 3374 1664 3434 praeter
1683 3366 2000 3421 servitutem

407 3464 627 3520 puenam
658 3451 1048 3507 sustinuerunt.
1082 3452 1345 3508 Colebant
1374 3454 1521 3508 enim
1553 3470 1735 3525 agros,
1786 3458 2001 3526 planta-

411 3537 541 3592 bant
570 3538 780 3606 vineas,
810 3538 1148 3596 aedificabant
1176 3544 1390 3609 domos,
1453 3558 1576 3599 cum
1629 3544 1893 3599 uxoribus
1952 3553 2006 3600 et

412 3634 537 3692 filiis
567 3653 764 3693 secure
788 3638 1062 3694 vivebant.
1098 3641 1155 3694 In
1184 3642 1437 3696 secunda
1466 3652 1641 3697 autem
1677 3651 1755 3698 tot
1785 3653 1839 3698 et
1861 3652 2005 3698 tanta

412 3725 495 3783 eis
524 3727 839 3798 opprobria,
871 3738 926 3783 et
957 3738 1064 3785 tam
1095 3729 1331 3785 inaudita
1362 3731 1675 3799 intulerunt,
1709 3733 1904 3806 quibus
1926 3733 2005 3787 si-

414 3814 564 3870 milia
594 3816 677 3871 vel
705 3818 937 3890 aaqualia
966 3834 1074 3874 non
1106 3829 1231 3874 sunt
1261 3821 1376 3875 visa
1408 3838 1644 3894 unquam
1677 3839 1777 3879 nec
1798 3822 2003 3878 audita.

415 3911 597 3969 Occisi
628 3914 845 3987 quidem
877 3923 1021 3982 sunt,
1057 3925 1187 3971 sunt
1217 3926 1269 3972 et
1298 3920 1540 3985 cremati,
1573 3927 1626 3975 et
1667 3920 2004 3991 captivorum

414 4018 563 4059 more
593 4003 820 4074 venditi,
869 4005 1118 4077 adeoque
1162 4006 1333 4062 crevit
1370 4006 1462 4061 illa
1512 4009 1769 4076 venditio,
1831 4009 2009 4065 donec

414 4108 517 4163 pro
547 4108 653 4149 uno
683 4102 950 4168 argenteo
981 4096 1209 4167 triginta
1238 4095 1504 4152 darentur
1533 4098 1755 4169 captivi,
1788 4115 1888 4154 nec
1920 4107 2003 4153 ta-

415 4205 542 4245 men
573 4191 947 4246 inveniebatur
976 4192 1066 4263 qui
1086 4202 1317 4264 emeret,
1338 4194 1477 4251 sicut
1513 4196 1760 4266 promisit
1794 4198 2011 4268 Moyses

417 4279 640 4335 dicens:
667 4280 929 4337 Venderis
952 4283 1204 4339 inimicis
1222 4285 1337 4339 tuis
1360 4286 1419 4340 in
1437 4301 1621 4341 servos
1655 4290 1711 4341 et
1742 4287 2007 4354 ancillas,

418 4372 478 4425 et
508 4383 623 4425 non
636 4371 747 4425 erit
765 4371 860 4443 qui
876 4376 1026 4426 emat
1047 4372 1232 4436 (Deut.
1250 4372 1471 4443 xxvm).
1491 4374 1675 4429 Naves
1698 4376 1855 4430 etiam
1880 4373 2013 4446 ipsis

420 4465 807 4537 impletae,sine
824 4467 936 4523 ullo
953 4469 1162 4539 remige
1186 4470 1269 4525 vel
1293 4469 1669 4541 gubernaculo
1700 4472 1887 4544 vagari
1921 4487 2015 4541 per

420 4556 650 4629 pelagus
678 4566 801 4611 sunt
830 4557 1091 4624 dimissae,
1125 4559 1193 4614 ad
1227 4560 1467 4631 ipsorum
1500 4561 1738 4616 dedecus
1756 4569 1807 4615 et
1829 4560 2012 4615 vilita-

2112 3342 2226 3396 bet.
2266 3342 2383 3397 Hoc
2411 3349 2598 3395 autem
2632 3341 2832 3395 factum
2863 3348 2946 3395 est
2975 3338 3305 3395 contrarium
3359 3337 3408 3393 ei
3464 3335 3696 3393 sermoni

2111 3446 2273 3502 quem
2291 3430 2363 3484 ait
2384 3430 2649 3483 Dominus
2663 3430 2731 3483 ad
2752 3430 2971 3499 Moysen
2996 3446 3009 3481 :
3029 3429 3149 3484 Non
3161 3426 3489 3483 occidantur
3504 3429 3696 3499 patres

2108 3535 2210 3591 pro
2230 3517 2509 3589 ﬁliis,nec
2521 3519 2633 3587 ﬁlii
2646 3535 2745 3589 pro
2754 3519 3031 3589 patribus,
3065 3516 3161 3572 sed
3189 3516 3569 3588 unusquisque
3597 3529 3699 3587 pro

2112 3621 2338 3690 peccato
2355 3631 2454 3671 suo
2475 3616 2956 3683 morietur(Deut.
2991 3614 3160 3683 xxiv).
3198 3611 3447 3668 Ezechiel
3481 3625 3696 3682 quoque

2111 3707 2184 3760 ait
2209 3721 2222 3758 :
2261 3706 2381 3760 Vivo
2402 3721 2517 3776 ego,
2537 3704 2966 3759 dicitDominus
2998 3703 3161 3771 Deus,
3188 3703 3238 3757 si
3276 3703 3384 3756 erit
3411 3700 3563 3756 ultra
3590 3716 3697 3771 pa—

2113 3794 2307 3849 rabola
2327 3793 2442 3848 haec
2462 3794 2525 3847 in
2534 3793 2892 3866 proverbium
2917 3794 2978 3847 in
3001 3796 3157 3846 terra
3178 3791 3333 3846 Iuda.
3351 3790 3484 3846 Ecce
3508 3804 3696 3845 omnes

2112 3895 2558 3957 animaemece,ut
2570 3890 3331 3964 animapatris,itaetanima
3342 3888 3449 3957 ﬁlii
3461 3904 3581 3943 mea
3592 3889 3695 3943 est.

2116 3984 2322 4038 Anima
2336 3998 2457 4054 qua:
2470 3981 2805 4054 peccaverit,
2826 3981 2948 4053 ipsa
2975 3980 3250 4035 morietur
3266 3978 3483 4047 (Ezech.
3509 3980 3685 4043 xvm).

2186 4084 2432 4139 Morsss.
2466 4083 2530 4137 Et
2558 4082 2603 4136 si
2635 4080 2719 4135 his
2740 4081 3006 4149 exemplis
3027 4077 3298 4135 contraria
3315 4085 3397 4132 est
3434 4074 3692 4148 longaevi-

2118 4180 2200 4227 tas
2231 4180 2433 4227 nostrae
2462 4170 2812 4241 captivitatis,
2850 4169 2948 4224 sed
2979 4176 3165 4222 tamen
3203 4166 3325 4222 aliis
3371 4165 3510 4238 legis
3565 4179 3693 4219 con-

2119 4260 2311 4318 cordat
2341 4259 2662 4331 Scripturis.
2693 4259 2751 4314 In
2786 4257 2973 4313 Exodo
3001 4256 3148 4312 enim
3202 4254 3331 4311 dicit
3385 4253 3642 4309 Dominus
3671 4266 3685 4306 :

2118 4362 2225 4430 Ego
2255 4375 2382 4414 sum
2398 4358 2669 4413 Dominus
2700 4357 2845 4412 Deus
2887 4357 3041 4419 tuus,
3078 4353 3266 4424 fortis,
3318 4352 3543 4411 zelotes.
3579 4348 3695 4404 visi-

2120 4454 2252 4503 tans
2296 4447 2667 4519 iniquitatem
2700 4448 2935 4517 patrum
2981 4445 3043 4499 in
3078 4442 3215 4511 ﬁliis
3258 4440 3322 4495 in
3374 4441 3603 4495 tertiam
3643 4442 3697 4493 et

2120 4540 2383 4609 quartam
2402 4534 2917 4607 generationem,in
2938 4531 3026 4587 his
3038 4531 3131 4602 qui
3147 4529 3385 4585 oderunt
3402 4544 3488 4584 me
3506 4526 3694 4597 (Exod.

422 4654 555 4700 tem.
598 4648 872 4703 Praeterea
904 4656 1186 4720 postquam
1220 4649 1271 4703 in
1306 4649 1408 4704 hac
1454 4649 1765 4720 captivitate
1817 4649 2013 4719 dejecti
2043 4635 2252 4713 D‘xxl-
2289 4632 2542 4688 Ῐθτθηιίδθ
2571 4647 2793 4704 (Illoque
2825 4631 2996 4686 verba
3024 4636 3150 4684 sum
3179 4630 3415 4720 11339:?
3415 4631 3508 4720 (ξίν
3508 4642 3565 4682 ⁸³
3586 4641 3694 4682 "0“

421 4743 574 4809 estis,
609 4745 971 4801 intolerabilia
995 4747 1149 4801 vobis
1165 4746 1435 4801 dabantur
1455 4747 1727 4813 mandata,
1752 4764 1818 4803 ne
1836 4747 2016 4821 legem

420 4834 675 4890 videlicet
697 4836 975 4907 legeretis,
1010 4851 1113 4891 nec
1142 4846 1355 4892 vestro;
1384 4853 1503 4891 eam
1536 4834 1675 4892 ﬁlios
1706 4836 2010 4893 doceretis.

424 4923 583 4991 Quod
616 4924 661 4978 si
691 4924 812 4995 quis
841 4923 1034 4997 legens
1065 4940 1186 4980 eam
1219 4935 1309 4980 aut
1329 4926 1535 4981 docens
1582 4925 1721 4981 filios
1769 4928 2022 4981 inventus

422 5019 636 5092 fuisset,
669 5029 1246 5095 autrcremahatur,aut
1269 5024 1573 5093 pectinibus
1590 5022 1790 5079 ferreis
1814 5024 2021 5079 acutis-

425 5111 578 5165 simis
590 5111 959 5182 plectebatnr.
989 5113 1253 5168 Praeterea
1274 5128 1376 5167 nec
1394 5112 1459 5168 Sa
1469 5113 1684 5167 bbatum
1704 5129 1804 5167 nec
1817 5114 2023 5168 l’ascha

426 5200 703 5256 celebrare
735 5200 988 5271 permissi
1010 5200 1163 5255 estis.
1190 5201 1246 5256 Si
1269 5217 1397 5257 vero
1418 5202 1540 5274 quis
1563 5203 1667 5257 hoc
1696 5201 1904 5258 faciens
1934 5202 2019 5255 inv

425 5308 620 5353 ventus
650 5299 859 5365 fuisset,
894 5298 1165 5355 acerrime
1195 5298 1541 5370 puniebatur.
1569 5298 1835 5354 Probibiti
1859 5315 2026 5370 super

428 5386 529 5442 hoc
558 5388 690 5443 estis
721 5397 932 5444 vestros
964 5388 1196 5459 pristino
1223 5404 1376 5444 more
1409 5386 1554 5442 filios
1603 5388 2022 5459 circumcidere,

427 5477 764 5548 multumque
802 5477 1013 5533 transiit
1045 5477 1328 5549 temporis,
1363 5494 1479 5551 quo
1509 5493 1673 5533 nemo
1705 5478 1809 5533 nisi
1839 5478 1895 5532 in
1925 5492 2025 5534 oc-

430 5570 577 5626 culto
606 5589 764 5628 suum
795 5589 969 5628 ausus
1000 5583 1080 5629 est
1112 5574 1281 5630 filium
1313 5575 1731 5632 circumcidere.
1783 5574 2026 5631 Circum-

430 5659 618 5714 cidens
649 5669 825 5717 autem
856 5662 1110 5719 inventus
1142 5665 1319 5738 quivis
1339 5666 1517 5737 pmnis
1545 5664 1877 5721 adiciebatur
1896 5682 2030 5739 gra-

432 5746 691 5803 vissimis.
728 5750 976 5806 Edictum
1006 5761 1273 5822 praetorea
1302 5754 1652 5808 durissimum
1704 5754 1860 5809 vobis
1895 5770 2028 5825 pro-

441 5843 743 5915 mulgatum
773 5855 876 5913 est,
908 5856 964 5901 ut
986 5848 1032 5902 si
1064 5851 1185 5918 quis
1213 5860 1457 5905 vestrum
1488 5851 1727 5921 puellam
1760 5852 2030 5923 virginem

433 5944 661 5990 uxorem
690 5934 937 6004 duceret,
969 5937 1121 6006 prius
1149 5952 1271 5992 eam
1303 5940 1373 5994 ad
1401 5940 1699 6011 provinciae
1724 5940 2030 6012 principem

2129 4727 2209 4778 tri
2230 4726 2609 4795 peccaverunt
2638 4724 2696 4775 et
2722 4736 2839 4775 non
2869 4724 3027 4786 sunt,
3051 4723 3106 4774 et
3145 4734 3247 4774 nos
3270 4716 3599 4789 iniquitates
3619 4728 3698 4771 eo-

2133 4829 2263 4868 rum
2296 4811 2649 4884 portarimus
2672 4810 2900 4879 (Thren.
2932 4809 3009 4877 v).

2200 4929 2438 4983 PETRUS.
2475 4925 2650 4981 Aliter
2679 4941 2770 4980 res
2804 4940 2862 4977 se
2896 4923 3056 4977 habet
3085 4938 3242 4995 quam
3274 4921 3430 4978 dicis.
3464 4919 3519 4977 Si
3564 4918 3696 4974 enim

2127 5018 2202 5072 ita
2232 5024 2412 5073 essent
2446 5016 2610 5070 verba
2638 5015 2939 5085 propheta},
2973 5013 3189 5067 sibimet
3218 5011 3488 5067 contraria
3512 5015 3695 5063 essent.

2129 5106 2219 5162 Sic
2249 5114 2427 5159 autem
2460 5112 2745 5175 utrumque
2774 5101 3104 5155 dissolvitur.
3139 5098 3295 5169 Quod
3326 5098 3468 5154 enim
3498 5097 3695 5162 dicitur,

2129 5204 2258 5276 quia
2289 5202 2383 5257 ﬁlii
2416 5218 2524 5258 non
2552 5200 2841 5272 portabunt
2871 5198 3207 5272 iniquitatem
3237 5205 3449 5268 patrum
3487 5194 3688 5264 (Ezech.

2131 5296 2287 5362 xvtt),
2322 5291 2396 5346 ita
2425 5290 2749 5361 intelligitur
2781 5288 2824 5342 si
2857 5286 2950 5342 ﬁlii
2984 5303 3091 5342 non
3122 5285 3350 5344 fecerint
3388 5284 3698 5357 iniquitatem

2132 5389 2368 5455 patrum.
2403 5379 2559 5450 Quod
2590 5387 2771 5433 autem
2802 5376 3021 5443 dicitur,
3055 5375 3190 5448 quia
3219 5373 3311 5429 filii
3338 5378 3567 5446 ‘portant
3609 5370 3699 5425 ini-

2130 5477 2389 5551 quitatem
2425 5482 2640 5546 patrum
2671 5472 2872 5545 (Exod.
2922 5472 3048 5541 xx),
3100 5471 3205 5527 hoc
3260 5470 3424 5526 modo
3474 5466 3702 5523 dicuntur

2136 5574 2381 5639 portare,
2416 5564 2460 5619 si
2494 5563 2703 5619 scelera
2733 5560 2961 5617 fecerint
2990 5567 3223 5632 patrum.

2209 5664 2461 5719 Morsas.
2501 5659 2660 5730 Quod
2692 5658 2931 5731 loqueris
2961 5655 3301 5729 sapientibus
3355 5652 3701 5710 rationabilem

2140 5760 2192 5809 et
2216 5752 2421 5821 justam
2452 5750 2593 5821 parit
2624 5747 3066 5821 intelligentiam.
3101 5746 3216 5801 Hoc
3270 5752 3453 5799 autem
3509 5759 3568 5798 ex
3615 5742 3701 5797 tuis

2140 5840 2325 5898 verbis
2358 5838 2590 5912 intelligi
2622 5838 2781 5892 datur
2802 5834 2948 5909 quod
2976 5850 3177 5891 omnes
3206 5833 3515 5907 sequacium
3557 5846 3700 5904 gene-

2141 5941 2387 5998 rationes
2415 5938 2619 5997 idcirco
2649 5937 2706 5993 in
2753 5944 2968 6009 patrum
3026 5933 3335 6008 captivitate
3389 5937 3687 6007 permanent
