3966 6402
237 445 346 496 573

1732 444 2037 502 DIALOGI.

3437 451 3539 505 574

237 565 389 639 quod
423 572 637 636 patrum
685 580 928 632 suorum,
979 563 1034 619 in
1075 573 1333 636 quantum
1376 575 1620 636 possunt,
1666 583 1832 637 opera
1864 570 1916 630 A
1946 571 2146 628 Christi
2191 575 2515 645 captivitatis
2546 576 2700 631 vobis
2745 590 2907 632 causa
2937 575 3155 631 exstitit.
3203 577 3327 631 Non
3357 575 3538 630 autem

233 672 638 734 exsequuntur.
673 662 833 732 Quod
865 664 909 718 si
940 671 1154 734 patrum
1185 679 1354 735 opera
1378 664 1748 733 demitterent,
1781 675 1836 721 et

235 760 310 815 de
337 759 647 828 captivitate
669 759 898 813 exirent.

318 850 554 904 Peritos.
592 850 667 901 Ita
699 849 882 920 utique
914 847 1116 903 sentio.

317 938 558 994 Movsas.
590 938 706 991 Jam
737 938 782 992 si
811 938 989 1008 placet
1019 937 1150 991 tanti
1181 944 1372 992 reatus
1397 937 1832 1011 magnitudinem

241 1036 428 1107 apem.

319 1127 551 1183 PETRUS.
588 1125 724 1194 Quia
753 1124 1025 1179 Christum
1059 1124 1164 1178 Dei
1197 1125 1386 1180 Filium
1410 1125 1709 1191 occidistis,
1743 1126 1832 1180 di-

242 1223 438 1268 centes
484 1231 608 1269 eum
656 1230 900 1286 magum,
936 1222 990 1268 et
1019 1214 1086 1268 de
1133 1224 1313 1268 scorto
1367 1221 1576 1277 natum,
1610 1223 1662 1269 et
1691 1214 1837 1286 quod

238 1318 413 1366 totam
451 1320 674 1382 gentem
715 1312 770 1365 in
812 1327 1058 1366 errorem
1109 1311 1335 1366 induxit.
1381 1313 1614 1381 Majores
1665 1313 1836 1368 vestri

239 1400 361 1455 haec
383 1408 434 1454 et
457 1401 539 1454 his
582 1400 777 1454 similia
809 1398 1099 1469 protestati
1138 1408 1284 1466 sunt,
1319 1401 1494 1456 donec
1525 1409 1689 1455 totam
1724 1402 1836 1471 ple-

240 1489 368 1543 bem
407 1506 522 1544 suae
569 1507 751 1560 pravae
809 1489 1102 1544 voluntatis
1162 1489 1456 1544 eﬂicieutes
1504 1500 1834 1556 consortem,

235 1585 631 1654 virumjustum
660 1587 853 1654 injuste
884 1587 938 1640 in
969 1586 1223 1653 injustum
1258 1587 1415 1642 valde
1443 1587 1706 1654 judicium
1738 1588 1837 1642 ad-

238 1675 530 1742 duxerunt,
577 1674 960 1730 crucifixerunt
1009 1679 1062 1729 et
1093 1675 1433 1730 occiderunt.
1479 1677 1637 1730 Tanti
1669 1677 1838 1747 igitur

237 1772 423 1818 reatus
471 1764 782 1834 magnitudo
825 1771 932 1817 tam
977 1763 1289 1834 longinquae
1307 1765 1628 1832 captivitatis
1673 1781 1840 1820 causa

238 1853 448 1907 existit.
485 1854 726 1924 Cumque
757 1870 854 1906 vos
903 1853 956 1905 in
999 1863 1220 1922 partena
1265 1855 1575 1907 manseritis
1607 1861 1710 1906 tam
1744 1871 1836 1909 vo-

237 1940 444 1996 luntate
477 1923 648 2013 quam,
679 1940 802 2005 ﬁde,
847 1941 898 1994 in
930 1941 1123 1996 eadem
1172 1942 1360 2012 procul
1395 1942 1560 1996 dubio
1601 1942 1842 1996 existetis
1872 1923 1924 1983 Β
1955 1958 2276 2019 sequestrat.
2327 1923 2450 2004 cum
2491 1951 2543 2005 id

239 2038 605 2092 damnationis
636 2038 1008 2094 tribulatione.

315 2129 561 2182 Movses.
597 2129 781 2182 Utrum
814 2129 903 2181 ille
931 2129 1092 2182 homo
1133 2127 1299 2183 Filius
1344 2128 1442 2181 Dei
1475 2126 1652 2193 fuerit,
1684 2128 1841 2183 latius

239 2224 433 2288 postea
481 2217 761 2286 disputare
804 2217 1096 2288 Oportebit,
1149 2217 1271 2288 quia
1321 2224 1484 2271 tantae
1529 2217 1841 2288 quaestionis

241 2322 436 2370 auctor
461 2313 781 2369 validissimi
805 2315 1115 2384 argumenti
1150 2314 1397 2370 vehiculo
1421 2315 1650 2388 indiget.
1684 2317 1840 2370 Nunc

239 2402 458 2457 interim
492 2405 592 2457 hoc
641 2403 803 2458 modo
852 2404 1068 2457 ostendi
1100 2404 1225 2458 volo
1275 2419 1510 2474 quonam
1560 2409 1722 2459 modo
1751 2412 1840 2458 aut

241 2491 564 2546 auctoritate
590 2493 805 2547 coneris
842 2508 1096 2547 asserere
1129 2493 1268 2563 quod
1299 2493 1344 2546 is
1370 2493 1437 2547 de
1469 2509 1578 2565 quo
1602 2493 1841 2565 loqueris

245 2577 412 2630 homo
441 2585 640 2631 nostra:
679 2577 1042 2630 tribulationis
1073 2593 1236 2631 causa
1267 2577 1552 2631 exstiterit.

316 2665 550 2719 Penus.
582 2664 776 2734 Quam,
809 2681 1013 2736 qumso,
1045 2681 1076 2718 a
1109 2681 1195 2720 me
1218 2682 1384 2735 super
1405 2667 1507 2721 hoc
1529 2665 1705 2736 exigis
1738 2681 1841 2720 au-

245 2755 572 2820 ctoritatem,
609 2769 732 2808 cum
757 2754 866 2821 jam
906 2755 1156 2823 superius
1189 2754 1316 2807 mihi
1350 2755 1694 2809 concesseris
1726 2763 1837 2808 tam

242 2849 498 2906 inauditae
550 2850 856 2906 afﬂictionis
908 2851 1206 2905 inauditum
1277 2852 1497 2907 omnino
1555 2862 1839 2922 peccatum

243 2954 460 2995 causam
494 2939 703 2994 fuisse?
737 2943 982 3010 Cumque
1005 2941 1137 2994 illud
1169 2950 1219 2993 tu
1243 2941 1389 2995 nullo
1419 2955 1646 3011 prorsus
1676 2942 1840 2996 modo

244 3028 538 3083 ostendere
568 3029 769 3095 valeas,
805 3045 833 3082 a
864 3045 950 3083 me
976 3029 1166 3098 judicii
1210 3030 1435 3101 aequitas
1461 3031 1616 3097 jubet
1648 3039 1705 3085 ut
1737 3045 1838 3084 au-

243 3117 382 3182 dias,
407 3133 508 3172 nec
541 3118 681 3172 unde
711 3119 1065 3188 comprobem
1113 3135 1354 3190 quaerere
1385 3119 1574 3180 debes,
1609 3120 1701 3172 sed
1736 3119 1838 3174 de-

245 3214 457 3260 struere
488 3223 706 3278 quoquo
737 3221 900 3276 pacto
931 3209 975 3260 si
1007 3215 1183 3277 potes,
1229 3216 1320 3261 aut
1350 3208 1656 3263 concedere
1697 3207 1836 3280 quod

245 3302 523 3374 denegare
553 3319 660 3358 non
685 3303 849 3359 vales.
890 3303 1086 3358 Verum
1111 3303 1234 3359 licet
1256 3321 1366 3359 non
1399 3321 1486 3359 me
1507 3305 1701 3374 judicii
1723 3321 1840 3358 cen~
1870 3280 1917 3341 Ο

247 3407 372 3444 sura
401 3393 762 3462 constringat,
795 3409 903 3447 non
949 3408 1129 3462 unam,
1178 3393 1276 3447 sed
1307 3394 1505 3448 multas
1536 3409 1702 3464 super
1732 3394 1838 3447 hac

247 3495 306 3534 re
337 3480 684 3535 auctoritates
715 3482 992 3537 inducam.

319 3597 568 3652 Morsas.
609 3597 668 3650 Id
699 3605 781 3651 est
810 3597 954 3668 quod
984 3605 1092 3652 toto
1115 3597 1370 3652 desidero
1402 3597 1610 3652 animo.

324 3702 569 3758 Parens.
624 3704 799 3758 N0sse
856 3704 1023 3758 debes
1073 3705 1218 3774 quia,
1276 3705 1631 3776 quadraginta
1683 3705 1842 3759 annis

253 3801 376 3863 post
417 3793 612 3848 Christi
659 3801 887 3848 mortem
946 3793 1192 3864 expletis,
1257 3794 1766 3864 Hierosolymorum
1812 3810 1845 3848 a

250 3881 367 3936 Tito
395 3882 582 3937 civitas
613 3881 708 3936 fuit
755 3881 1058 3936 destructa.
1102 3881 1233 3937 Item
1279 3882 1647 3954 quadraginta
1689 3883 1844 3937 annis

254 3987 542 4050 antequam
572 3979 967 4044 destrueretur,
1017 3987 1205 4048 porten
1225 4005 1266 4033 ,α
1297 3988 1349 4033 et
1377 3980 1535 4051 signa
1567 3979 1622 4033 in
1653 3981 1844 4034 eadem

282 4074 380 4122 unt
410 4068 542 4134 visa,
577 4067 787 4138 liquido
817 4068 1111 4122 indicantia
1143 4068 1287 4139 quod
1320 4068 1437 4122 haec
1469 4068 1654 4138 templi
1685 4077 1734 4122 et
1758 4086 1848 4122 ur-

257 4167 336 4221 bis
368 4167 662 4223 destructio
704 4175 851 4221 esset
899 4167 1102 4233 futura,
1139 4167 1598 4237 quemadmodum
1650 4175 1846 4222 vestrae

257 4257 513 4312 doctrina:
542 4256 662 4310 libri
692 4264 974 4310 testantur.
1031 4257 1196 4309 Aiunt
1227 4255 1370 4310 enim
1405 4257 1547 4326 quod
1597 4257 1845 4328 quadra-

257 4345 406 4416 ginta
437 4345 594 4399 annis
615 4353 900 4416 antequam
923 4345 1348 4410 subverteretur,
1374 4345 1541 4397 rubra
1585 4344 1706 4398 lana
1730 4361 1850 4414 qua

257 4434 396 4488 haedi
426 4434 682 4488 cornibus
719 4435 1129 4498 annectebatur,
1175 4449 1519 4504 nequaquam
1561 4449 1712 4488 more
1753 4449 1848 4488 so-

260 4523 353 4576 lito
383 4521 712 4589 albescebat,
749 4521 978 4576 candela
1023 4537 1238 4592 quoque
1283 4521 1597 4577 candelabri
1630 4538 1749 4593 quae
1780 4521 1847 4574 ad

1943 677 2083 728 eam,
2117 663 2213 717 sed
2241 664 2674 720 malevolentiam
2728 666 3005 719 hominum
3039 673 3091 719 et
3121 665 3377 720 invidiam
3410 681 3543 718 cau-

1943 765 2081 814 sam,
2115 751 2321 807 scilicet
2352 768 2548 817 causte,
2586 753 2913 824 captivitatis
2964 770 3182 808 causam
3214 769 3336 808 esse
3372 753 3541 808 dixe-

1943 847 2086 903 runt,
2117 841 2211 894 sed
2247 857 2430 896 veram
2471 859 2687 897 causam
2737 851 3045 898 tacuerunt.
3101 843 3308 896 Invidia
3342 843 3544 913 quippe

1942 937 2249 993 Judaeorum
2282 949 2333 994 et
2363 941 2565 995 malitia
2595 957 2756 996 causa
2787 941 2976 995 mortis
3007 941 3214 994 Christi
3247 939 3361 1007 fuit,
3397 954 3546 994 mors

1943 1035 2125 1081 autem
2157 1028 2368 1084 Christi.
2405 1045 2570 1084 causa
2603 1031 2954 1100 captivitatis.

2019 1123 2265 1178 Movses.
2309 1125 2363 1180 Si
2394 1125 2542 1179 illum
2577 1128 2856 1182 hominem
2887 1128 3069 1194 talem,
3099 1135 3154 1180 ut
3186 1127 3344 1196 dicis,
3376 1127 3545 1182 fuisse

1945 1231 2237 1287 constaret,
2271 1232 2323 1276 et
2351 1222 2471 1292 ejus
2500 1235 2731 1278 mortem
2763 1235 2960 1280 nostrae
3007 1226 3374 1280 tribulationis
3411 1241 3543 1280 cau-

1947 1326 2063 1364 sam
2095 1309 2282 1377 fuisse,
2318 1313 2494 1366 nullus
2517 1330 2581 1367 ex
2603 1315 2762 1368 nobis
2793 1315 2992 1385 dignus
3015 1324 3160 1370 esset
3181 1317 3386 1370 vivere.
3411 1313 3543 1369 Tale

1948 1400 2091 1453 enim
2123 1409 2401 1470 peccatum
2436 1401 2615 1474 majus
2647 1411 2729 1457 est
2761 1419 2920 1474 quam
2957 1405 3128 1458 Deum
3166 1418 3395 1476 negare.
3438 1401 3545 1471 Qui

1947 1496 2091 1550 enim
2125 1498 2296 1550 Deum
2337 1507 2520 1569 negat,
2566 1498 2730 1553 tidem
2762 1508 2970 1554 tantum
3003 1517 3164 1572 quam
3197 1507 3486 1569 acceperat
3514 1514 3546 1553 a

1947 1601 2008 1639 se
2054 1585 2285 1648 alienat;
2330 1587 2418 1658 qui
2460 1604 2589 1641 vero
2625 1588 2719 1642 Dei
2765 1589 2961 1643 Filium
2991 1598 3166 1657 necat,
3202 1596 3399 1660 praeter
3441 1589 3547 1644 hoc

1949 1675 2091 1744 quod
2132 1674 2388 1729 deitatem
2433 1693 2557 1747 qua:
2609 1686 2687 1732 est
2733 1678 3017 1732 invisibilis
3066 1679 3324 1751 denegat,
3379 1677 3540 1732 etiam

1947 1762 2078 1816 illud
2109 1765 2428 1833 superaddit
2448 1775 2751 1834 peccatum,
2779 1767 2924 1837 quod
2943 1783 3053 1821 rem
3084 1767 3350 1822 visibilem
3379 1781 3544 1836 quam

1951 1853 2226 1921 corporeis
2251 1853 2518 1924 conspicit
2555 1855 2742 1921 oculis,
2777 1873 2896 1910 eam
2928 1856 3089 1911 etiam
3125 1855 3195 1910 ab
3231 1855 3395 1909 animi
3435 1853 3545 1908 ﬁde

2105 1958 2276 2010 astrat,
2327 1966 2450 2004 cum
2491 1952 2543 2005 id
2592 1954 2736 2076 quod
2788 1954 3001 2008 videtur
3045 1953 3317 2024 majorem
3348 1952 3546 2006 debeat

2105 2021 2117 2072 i
2146 2022 2515 2075 credulitatem
2556 2038 2587 2076 a
2632 2041 2751 2076 erre
2784 2040 2946 2076 uuam
2977 2025 3120 2076 uuod
3173 2041 3280 2076 non
3313 2023 3540 2076 videtur.

1951 2022 2117 2073 menti
2146 2022 2515 2075 credulitatem
2556 2022 2751 2077 afferre
2784 2040 2946 2095 quam
2977 2022 3280 2095 quodnon
3313 2023 3540 2077 videtur.

1949 2108 2213 2164 Praeterea
2261 2119 2441 2165 autem
2485 2127 2608 2166 eum
2659 2113 2830 2167 nostri
2876 2121 3060 2182 patres
3111 2113 3280 2183 sputis
3329 2111 3542 2172 illitum,

1950 2206 2194 2274 colaphis
2233 2223 2450 2274 caesum,
2496 2210 2677 2264 multis
2726 2219 2778 2264 et
2810 2211 2973 2265 variis
3014 2210 3225 2279 injuriis
3267 2209 3542 2277 aﬂ'ectum,

1948 2305 2217 2375 mortique
2248 2305 2564 2361 innocenter
2592 2308 2860 2362 addictum
2894 2308 3044 2363 cruci
3063 2306 3366 2362 at’ﬁxerunt.
3389 2306 3545 2362 Unde

1950 2409 2057 2447 non
2085 2394 2351 2449 immerito
2383 2397 2486 2450 hoc
2517 2397 2696 2450 scelus
2719 2396 2896 2467 majus
2924 2396 3022 2450 fuit
3043 2412 3109 2451 eo
3139 2395 3289 2467 quod
3319 2394 3548 2450 commi-

1949 2501 2136 2547 serunt
2164 2493 2218 2546 in
2246 2510 2448 2558 eremo,
2483 2511 2604 2549 cum
2651 2495 2875 2550 vitulum
2905 2495 3111 2550 scilicet
3140 2510 3372 2548 aureum
3402 2493 3541 2548 ado-

1949 2590 2136 2636 rarent
2170 2599 2268 2652 pro
2306 2584 2445 2638 Deo.
2484 2585 2634 2640 Tunc
2683 2601 2809 2639 vero
2841 2585 3074 2657 legimus
3105 2585 3274 2638 Deum
3309 2582 3546 2637 voluisse

1948 2681 2119 2734 Israel
2159 2683 2380 2737 omnino
2410 2683 2616 2749 delere,
2661 2683 2764 2737 nisi
2815 2684 3026 2753 Moyses
3066 2698 3164 2752 pro
3194 2682 3272 2735 eis
3302 2681 3545 2735 interve-

1950 2771 2108 2824 niens
2156 2771 2325 2826 multo
2374 2771 2501 2825 fletu
2551 2780 2603 2826 et
2642 2773 2875 2843 jejunio,
2917 2781 2970 2827 et
3010 2771 3273 2836 oratione,
3326 2767 3546 2824 Domini

1949 2865 2086 2920 iram
2108 2869 2412 2936 avertisset,
2452 2869 2815 2940 quadraginta
2856 2870 3048 2924 diebus
3087 2877 3139 2924 et
3187 2867 3548 2939 quadraginta

1949 2957 2198 3012 noctibus
2218 2958 2421 3012 assidui
2463 2959 2653 3026 jejunii
2702 2958 3070 3012 maceratione
3125 2973 3183 3012 se
3217 2972 3314 3026 pro
3357 2955 3547 3010 eodem

1947 3062 2177 3123 peccato
2198 3053 2454 3125 afﬂigens
2483 3055 2684 3124 (Exod.
2727 3070 2937 3123 xxx"),
2978 3055 3116 3108 sicut
3168 3053 3254 3107 lex
3299 3053 3550 3125 perhibet

1948 3143 2134 3197 dicens
2158 3161 2170 3196 :
2206 3143 2428 3198 Procidi
2445 3148 2584 3198 ante
2609 3146 2905 3199 Dominum
2934 3145 3083 3198 sicut
3096 3145 3285 3215 prius,
3311 3141 3547 3211 quadra-

1946 3236 2108 3302 ginta
2137 3232 2330 3287 diebus
2362 3248 2566 3304 panem
2609 3248 2723 3286 non
2767 3232 3061 3288 comedens
3097 3235 3153 3286 et
3187 3246 3391 3302 aquam
3427 3245 3544 3284 non

1947 3330 2154 3394 bibens,
2186 3335 2415 3403 propter
2443 3333 2633 3387 omnia
2671 3335 2902 3403 peccata
2928 3334 3118 3386 vestra
3151 3347 3270 3401 qua:
3291 3329 3543 3399 gessisti:

1948 3423 2148 3473 contra
2164 3419 2488 3485 Dominum,
2510 3421 2678 3475 timui
2695 3421 2847 3474 enim
2865 3423 3010 3475 iram
3025 3424 3079 3474 et
3093 3419 3322 3489 indigna
3335 3419 3543 3473 tionem

1952 3508 2133 3573 illius,
2156 3525 2266 3580 qua
2281 3508 2580 3564 adversum
2597 3525 2686 3564 vos
2699 3506 3234 3572 concitatus,delere
3255 3523 3342 3562 vos
3365 3506 3544 3560 voluit

1954 3597 2115 3652 Deut.
2155 3601 2256 3666 ιχ).
2319 3598 2434 3652 Nisi
2479 3598 2641 3670 igitur
2708 3597 2878 3668 Moysi
2921 3596 3092 3652 oratio
3137 3595 3543 3660 intervenisset,

1949 3693 2017 3748 de
2048 3701 2160 3748 toto
2189 3695 2390 3765 p0pulo
2438 3695 2618 3749 nullus
2667 3703 2997 3766 superesset.
3046 3694 3178 3748 Cum
3222 3700 3403 3747 autem
3437 3692 3544 3746 hoc

1949 3790 2092 3845 aliud
2108 3785 2318 3840 facinus
2340 3785 2483 3856 quod
2501 3784 2798 3839 criminum
2822 3784 3173 3855 quantitatem
3193 3781 3423 3844 excedit,
3447 3779 3548 3835 Dei

1952 3879 2160 3934 scilicet
2210 3877 2399 3931 Filium
2429 3875 2680 3930 occidere
2729 3871 3226 3942 praesumpsissent,
3262 3885 3364 3925 nec
3407 3868 3549 3922 ullus

1952 3987 2093 4031 esset
2127 3975 2216 4046 qui
2248 3990 2344 4042 pro
2389 3974 2468 4027 eis
2509 3969 2875 4037 interveniret,
2930 3968 3112 4022 nullus
3147 3967 3330 4036 itaque
3361 3965 3549 4020 debuit

1953 4067 2158 4120 vivere.
2192 4062 2357 4117 Vides
2389 4065 2570 4114 autem
2606 4059 2728 4130 quia
2760 4059 2830 4111 ita
2864 4074 2971 4112 non
3013 4064 3112 4119 est,
3147 4055 3243 4108 sed
3278 4055 3420 4108 Deus
3449 4069 3548 4108 nos

1951 4161 2003 4208 et
2033 4152 2212 4206 vivere
2242 4149 2521 4220 permittit,
2556 4156 2607 4201 et
2640 4146 2882 4217 quotidie
2902 4153 3168 4214 quantum
3191 4151 3334 4196 amat
3367 4150 3548 4196 osten-

1954 4242 2049 4307 dit,
2081 4256 2202 4295 cum
2233 4239 2389 4293 nobis
2421 4237 2476 4290 in
2512 4243 2808 4305 conspectu
2838 4234 3189 4288 inimicm-um
3221 4243 3544 4286 nostrorum

1956 4330 2188 4402 gratiam
2221 4335 2452 4396 praestat,
2490 4333 2543 4379 et
2581 4325 2775 4394 Opibus
2806 4323 3114 4393 locupletat,
3149 4330 3202 4376 et
3235 4321 3544 4375 honoribus

1957 4419 2178 4481 exaltat,
2212 4417 2344 4472 sicut
2377 4415 2534 4468 nobis
2564 4430 2663 4484 per
2685 4428 2747 4467 os
2781 4413 2948 4483 Moysi
2971 4412 3251 4481 prophetae
3282 4409 3554 4480 pollicitus

1956 4516 2038 4561 est
2067 4507 2290 4561 dicens:
2324 4505 2460 4560 Cum
2494 4507 2678 4559 essent
2708 4503 2768 4556 in
2787 4506 2937 4556 terra
2957 4501 3150 4556 hostili
3177 4515 3290 4554 non
3321 4499 3552 4570 penitus

263 4617 596 4672 occidentem
627 4617 971 4686 respiciebat,
1003 4625 1124 4670 ante
1149 4626 1466 4672 consuetum
1497 4625 1715 4687 tempus
1742 4633 1843 4672 ex-

1961 4606 2140 4674 abjeci
2159 4620 2267 4668 eos,
2299 4618 2476 4672 neque
2506 4602 2584 4655 sic
2606 4601 2841 4672 despexi
2877 4602 2944 4654 ut
2972 4600 3464 4659 consumerentur,
3497 4597 3554 4649 et

264 4706 661 4775 stinguebatur.
695 4705 877 4758 Valvze
893 4714 1158 4774 praeterea
1183 4705 1385 4775 templi,
1412 4705 1558 4758 nullo
1576 4715 1844 4777 tangente,

264 4810 383 4849 cum
415 4809 612 4864 magno
645 4793 874 4861 strepitu
900 4801 1090 4860 sponte
1123 4809 1216 4846 sua
1249 4794 1660 4848 reserebantur.
1701 4793 1850 4863 Quas

265 4899 384 4938 cum
436 4882 654 4953 quidam
703 4881 988 4936 doctorum
1045 4891 1368 4947 vestrorum,
1425 4882 1642 4937 nomine
1679 4884 1848 4938 Joan-

266 4996 381 5043 nes,
415 4978 554 5032 filius
602 4978 816 5042 Zachai,
866 4978 945 5033 sic
975 4977 1175 5048 aperiri
1216 4993 1362 5047 saepe
1395 4977 1644 5044 vidisset,
1692 4978 1850 5034 valde

266 5077 565 5124 commotus
587 5068 804 5122 tandem
827 5066 1116 5120 clamavit:
1153 5089 1175 5113 α
1212 5067 1493 5134 Quiescite
1523 5086 1535 5133 ;
1572 5090 1593 5114 η
1625 5075 1674 5122 et
1703 5069 1853 5137 adje-

268 5157 366 5214 cit:
393 5157 736 5227 «Templum,
761 5154 1044 5224 templum,
1070 5155 1313 5225 profecto
1335 5157 1727 5228 cognoviquod
1751 5173 1851 5212 no-

267 5253 484 5309 vissima
523 5263 610 5307 tua
662 5252 1028 5308 concrematio
1074 5252 1393 5320 possidebit,
1444 5253 1581 5308 sicut
1624 5262 1676 5308 et
1718 5270 1852 5325 pro-

267 5353 426 5422 pheta
437 5352 508 5406 ait
524 5369 536 5404 :
553 5353 591 5405 Α
598 5351 966 5423 peri,Libane,
980 5353 1176 5420 portas
1194 5354 1341 5412 tuas,
1360 5359 1413 5404 et
1430 5349 1688 5405 comedat
1707 5354 1854 5422 ignis

270 5449 456 5506 cedros
498 5455 625 5505 tuas
658 5450 844 5518 (Zach.
883 5449 988 5516 xt).
1028 5467 1048 5496 ι
1086 5447 1219 5501 Cum
1265 5447 1436 5517 igitur
1474 5448 1578 5501 ista
1608 5449 1854 5521 prodigia

269 5538 623 5610 quadraginta
662 5537 818 5590 annis
856 5543 977 5590 ante
1017 5535 1441 5590 destructionem
1483 5536 1684 5590 fuerint
1715 5539 1850 5605 visa,

269 5635 320 5683 et
339 5626 762 5698 quadragesimo
793 5639 823 5678 a
853 5624 1056 5679 Christi
1089 5632 1257 5679 morte
1288 5639 1432 5679 anno
1473 5623 1662 5679 civitas
1699 5625 1856 5682 fuerit

268 5722 542 5777 destructa
573 5736 603 5775 a
626 5720 764 5783 Tito,
794 5719 997 5789 liquido
1018 5717 1363 5773 concluditur
1389 5719 1532 5790 quod
1555 5720 1673 5775 haec
1697 5719 1856 5792 signa

271 5835 300 5874 a
329 5827 570 5888 tempore
602 5817 789 5872 mortis
821 5816 1015 5870 Christi
1047 5816 1152 5870 sint
1183 5815 1343 5870 facta.
1379 5816 1487 5872 Sed
1518 5824 1569 5871 et
1601 5819 1700 5871 hoc
1731 5833 1855 5872 cum

269 5915 386 5973 allis
415 5915 731 5972 doctoribus
752 5915 952 5972 vestris
974 5915 1212 5971 Joannes
1228 5913 1514 5982 intellexit,
1541 5915 1682 5987 quod
1705 5930 1856 5971 mors

1960 4694 2194 4748 irritum
2215 4695 2463 4761 facerem
2492 4694 2728 4762 pactum
2765 4704 2953 4744 meum
2976 4704 3106 4743 cum
3137 4687 3238 4741 eis.
3265 4685 3368 4756 Ego
3399 4685 3554 4739 enim

1957 4798 2083 4838 sum
2106 4782 2377 4836 Dominus
2401 4782 2542 4834 Deus
2563 4794 2754 4834 eorum
2785 4779 2932 4845 (Leu.
2957 4779 3130 4832 xxvn.

2035 4879 2266 4932 PBTRUS.
2300 4877 2419 4930 Non
2452 4883 2654 4930 rectam
2679 4875 2744 4928 de
2768 4876 2870 4928 hac
2901 4889 2960 4928 re
2989 4870 3402 4940 intelligentiam
3425 4883 3556 4925 con-

1962 4967 2117 5037 cipis.
2167 4967 2358 5036 Neque
2403 4964 2544 5018 enim
2596 4966 2742 5017 Deus
2789 4963 2912 5017 ideo
2958 4962 3219 5031 reliquias
3263 4960 3329 5013 de
3372 4967 3554 5013 vestro

1960 5064 2146 5119 vivere
2195 5065 2396 5133 patitur
2438 5061 2658 5132 pepulo,
2700 5061 2844 5132 quod
2891 5061 2957 5115 de
3003 5073 3191 5116 eOrum
3221 5056 3423 5128 aliquid
3458 5071 3557 5111 co-

1960 5163 2091 5234 gitet
2125 5160 2432 5228 commodo,
2485 5160 2582 5215 sed
2614 5160 2737 5215 ideo
2780 5168 2986 5213 tantum
3021 5155 3367 5210 utuniversis
3414 5171 3556 5226 gen-

1960 5261 2104 5314 tibus
2134 5259 2400 5323 serviatis,
2435 5257 2565 5313 etin
2597 5257 2836 5312 omnium
2868 5256 3042 5312 oculis
3076 5253 3471 5324 improperium
3505 5260 3558 5306 et

1962 5348 2145 5403 fabula
2175 5356 2229 5403 et
2264 5346 2579 5402 maledictio
2610 5346 2746 5412 sitis,
2782 5346 2923 5400 sicut
2955 5344 3111 5400 vobis
3139 5341 3388 5414 promisit
3414 5341 3559 5396 lator

1963 5445 2122 5518 legis,
2140 5445 2355 5500 dicens:
2376 5445 2500 5500 Eris
2510 5445 2769 5514 perditus
2785 5443 2847 5497 in
2861 5464 2877 5511 ι
2901 5459 2960 5498 ro
2969 5443 3211 5497 verbium
3226 5457 3291 5496 ac
3302 5441 3559 5513 fabulam

1962 5536 2220 5589 omnibus
2241 5535 2486 5605 pepulis,
2520 5533 2591 5587 ad
2611 5549 2743 5605 quos
2780 5537 2834 5588 te
2861 5531 3250 5589 introduxerit
3288 5532 3559 5586 Dominus

1965 5633 2160 5700 (Deut.
2200 5639 2371 5701 xvtn),
2421 5638 2475 5686 et
2519 5638 2578 5684 ut
2608 5630 2728 5684 sitis
2769 5631 2862 5684 toti
2895 5629 3094 5702 p0pulo
3137 5629 3188 5682 in
3217 5628 3557 5699 parabolam,

1965 5737 2016 5784 et
2056 5729 2406 5798 proverbium
2451 5729 2817 5799 quaerentibus
2875 5729 3125 5783 omnibus
3175 5727 3245 5780 ad
3289 5727 3549 5782 invicem.

1966 5825 2109 5888 Quid
2158 5835 2316 5896 putas
2365 5842 2547 5880 causae
2589 5834 2671 5878 est
2713 5831 2938 5896 propter
2967 5825 3110 5896 quod
3146 5825 3291 5878 Deus
3338 5833 3556 5894 gentem

1965 5916 2106 5972 hanc
2133 5915 2334 5988 ubique
2363 5922 2634 5970 terrarum
2666 5915 2973 5986 dispersam
3002 5920 3281 5985 perpetuae
3309 5909 3555 5967 servituti
