3966 6404
416 401 521 456 575

1334 399 1533 453 PETRI
1571 395 1910 452 ALPHONSI
1955 395 2050 450 EX
2088 391 2326 452 ΠΗ)Εο
2366 392 2760 449 ΟΙΙΒΙΞΤΙᾹΝῙ

3643 395 3781 450 Ξ576

415 525 666 594 subjecit,
687 529 744 580 et
772 531 850 582 tot
876 523 1142 580 malorum
1172 523 1490 579 multatione
1527 522 1846 578 damnavit?
1895 523 2004 578 lte-
2035 520 2092 582 Α
2124 519 2292 575 vestri
2321 519 2481 587 hujus
2503 518 2634 588 justi
2657 534 2754 589 pro
2783 533 2892 590 quo
2936 517 3014 574 illi
3054 517 3128 574 ita
3155 517 3328 592 puniti
3367 525 3490 575 sunt
3517 535 3770 576 nomen

417 614 814 688 spondebitque
855 613 1024 670 alter:
1057 614 1142 670 Ob
1198 613 1302 668 tale
1353 621 1663 684 peccatum,
1713 613 1859 684 quod
1914 613 2014 668 Dei

423 713 614 770 Filium
656 712 872 768 invidiae
919 718 1123 768 tantum
1185 727 1348 767 causa
1397 711 1738 776 occiderunt,
1786 711 1910 767 ideo
1955 711 2013 765 in

423 803 538 856 hzec
567 802 708 856 mala
737 801 1093 858 devenerunt.
1127 798 1284 870 Quod
1316 801 1361 854 si
1391 801 1444 854 in
1483 799 1604 870 ipso
1634 807 1879 870 tempore
1909 815 2016 870 quo

421 908 706 970 peccatum
733 915 764 954 a
795 899 945 954 vobis
989 906 1073 954 est
1110 898 1482 960 commissum,
1529 906 1701 952 totam
1729 897 2011 952 Iudaicam

423 989 742 1060 progeniem
765 987 1006 1042 funditus
1035 987 1343 1056 delet-isset,
1371 986 1559 1041 multis
1583 996 1883 1056 temporum
1908 985 2015 1040 cir-

417 1085 554 1142 culis
584 1085 890 1146 transactis.
919 1085 1074 1156 culpa
1106 1085 1385 1140 oblivione
1415 1085 1617 1154 deleta,
1639 1100 1670 1138 a
1691 1084 1841 1138 nullo
1863 1099 2014 1138 mor-

422 1174 606 1228 talium
655 1174 902 1237 sciretur,
945 1175 1132 1246 sicque
1176 1185 1227 1230 et
1258 1173 1492 1230 infamiae
1538 1173 1913 1244 opprobrium,
1960 1177 2015 1228 et

423 1263 691 1318 malorum
745 1261 1030 1318 evitaretis
1078 1264 1406 1334 periculum,
1459 1262 1598 1319 sicut
1644 1272 1698 1318 et
1736 1263 1805 1318 de
1835 1262 2016 1316 multis

419 1352 644 1424 contigit
685 1353 942 1425 gentibus
971 1361 1024 1408 et
1053 1353 1292 1424 regibus,
1332 1369 1566 1425 quorum
1613 1362 1768 1426 gesta
1799 1361 2007 1422 tempo-

421 1467 540 1507 rum
578 1462 702 1507 suut
743 1461 1005 1507 vetustate
1050 1453 1258 1509 deleta.
1298 1451 1395 1508 Est
1424 1461 1478 1508 et
1509 1453 1618 1506 alia
1653 1468 1834 1517 causa,
1880 1466 2014 1521 pro-

424 1549 544 1610 pter
591 1557 756 1613 quam
787 1542 932 1597 Deus
975 1541 1257 1598 Iudaicam
1293 1541 1463 1597 noluit
1511 1545 1740 1612 perdere
1771 1549 2012 1612 gentem.

421 1639 655 1694 Videbat
683 1640 829 1695 enim
859 1641 1129 1712 quosdam
1157 1639 1226 1696 de
1257 1641 1465 1696 semine
1485 1652 1668 1696 vestro
1691 1639 2016 1710 quandoque

419 1737 472 1792 in
503 1753 565 1792 se
593 1737 918 1805 credituros,
961 1747 1124 1810 atque
1167 1738 1482 1802 salvandos,
1529 1746 1583 1792 et
1622 1737 1748 1792 ideo
1793 1743 2020 1806 propter

421 1839 518 1880 eos
569 1825 744 1884 noluit
785 1827 1008 1882 omnino
1076 1837 1315 1884 vestram
1380 1826 1703 1898 disperdere
1766 1826 2014 1895 stirpem,

2121 616 2412 670 mutantes,
2446 607 2500 662 in
2523 608 2626 664 hoc
2655 607 2799 663 facto
2827 607 2897 663 de
2919 607 3134 664 Christo
3178 623 3411 678 prorsus
3440 609 3774 665 coniicue-

2123 713 2265 760 runt.
2319 705 2582 760 Dixerunt
2651 703 2798 760 enim
2853 705 2982 776 quia
3048 705 3304 776 princeps
3375 705 3463 760 ille
3517 707 3770 774 justum

2122 794 2362 862 nomine,
2429 794 2637 864 Joseph
2691 792 2858 849 ﬁlium
2915 793 3104 860 Jacob,
3148 809 3306 866 quem
3355 795 3410 848 in
3439 795 3767 866 Egyptian)

2121 892 2484 948 vendiderant
2567 889 2761 945 fratres
2827 891 2988 961 (Gen.
3047 894 3296 962 xxxvu),
3364 891 3763 964 intelligebat,

2121 981 2350 1051 ejusque
2379 980 2708 1052 sanguinem
2736 979 2808 1034 ab
2829 980 2910 1034 eis
2931 979 3177 1051 exigens,
3212 987 3434 1050 propter
3464 997 3595 1035 eum
3629 981 3769 1036 tali-

2123 1070 2224 1124 bus
2251 1069 2374 1124 illos
2405 1067 2584 1124 affecit
2615 1067 2920 1141 suppliciis.
2969 1069 3188 1124 Absurd
3201 1085 3288 1123 um
3320 1080 3499 1124 autem
3529 1069 3760 1124 rationi

2122 1164 2356 1229 videtur,
2397 1172 2452 1218 ut
2495 1165 2550 1219 id
2597 1165 2667 1219 ab
2712 1165 2792 1220 eis
2835 1165 3086 1236 exigeret
3122 1164 3268 1236 quod
3298 1165 3368 1220 ad
3399 1165 3580 1221 minus
3609 1174 3760 1222 ante

2122 1254 2271 1308 mille
2292 1255 2714 1324 quingentorum
2745 1262 2862 1309 erat
2889 1253 3094 1310 factum
3125 1269 3391 1310 annorum
3423 1255 3752 1320 curricula,

2123 1342 2355 1396 maxime
2385 1359 2509 1398 cum
2542 1343 2876 1413 temporibus
2914 1343 3110 1414 quibus
3145 1343 3350 1414 Joseph
3381 1343 3753 1399 venundatus

2121 1439 2238 1507 fuit,
2282 1440 2425 1494 nulla
2478 1440 2570 1494 lex
2600 1448 2747 1495 esset
2793 1455 2902 1512 qua
2955 1440 3210 1512 princeps
3259 1441 3349 1497 illa
3407 1457 3500 1498 eos
3530 1442 3753 1497 mortis

2123 1545 2248 1584 reos
2277 1529 2604 1584 convincere
2633 1537 2838 1600 posset.

2198 1619 2448 1674 Movsas.
2489 1617 2747 1674 Rationes
2775 1626 2882 1673 tuae
2911 1633 3022 1672 non
3072 1616 3209 1674 mihi
3253 1617 3540 1688 sufﬁciunt,
3577 1635 3742 1692 quo-

2126 1714 2271 1770 niam
2329 1731 2440 1769 non
2496 1714 2676 1786 aliqua
2729 1731 2824 1771 eas
2874 1713 3202 1772 auctoritate
3251 1713 3563 1784 conﬁrmas,
3627 1716 3742 1772 sed

2129 1813 2346 1883 proprio
2377 1810 2538 1883 ﬁngis
2565 1810 2813 1878 arbitrio,
2860 1828 2961 1868 nec
3004 1811 3146 1868 inest
3188 1813 3269 1868 eis
3297 1813 3404 1868 ulla
3431 1814 3746 1870 necessitas

425 1913 562 1969 sicut
595 1914 728 1971 dicit
757 1916 946 1971 Isaias:
977 1917 1252 1986 Quomodo
1267 1918 1317 1972 si
1334 1918 1665 1972 inveniatur
1687 1931 1934 1986 granum
1955 1916 2017 1969 in

2144 1879 2244 1974 qua
2292 1918 2378 1955 me
2433 1879 2502 1956 ad
2559 1901 2898 1957 credendum
2944 1901 3044 1956 tibi
3073 1917 3274 1974 cogere
3322 1901 3548 1958 debeas.
3597 1904 3744 1959 Volo

426 2012 666 2076 botro,et
683 2014 913 2069 dicatur
931 2031 944 2068 :
966 2015 1042 2070 Ne
1060 2014 1296 2086 dissipes
1319 2011 1482 2080 illud,
1506 2015 1774 2086 quoniam
1785 2011 2016 2067 benedi-

429 2111 543 2168 ctio
580 2116 710 2178 est;
742 2112 824 2167 sic
852 2113 1068 2182 faciam
1103 2117 1336 2184 propter
1361 2127 1544 2168 servos
1581 2126 1752 2176 meos,
1795 2115 1860 2166 ut
1899 2125 2016 2166 non

429 2199 757 2272 disperdam
808 2205 990 2257 totum
1025 2201 1153 2268 (Isa.
1196 2203 1357 2269 va).
1410 2200 1804 2256 Testimonium
1834 2209 2018 2254 autem

428 2287 632 2344 divina:
657 2289 797 2345 circa
827 2306 926 2346 vos
955 2289 1170 2360 pietatis
1208 2290 1356 2361 quod
1387 2289 1559 2361 Moysi
1587 2289 1918 2360 promissum
1949 2289 2020 2344 de

430 2376 572 2450 legis
617 2378 759 2434 libro
807 2379 1128 2449 protulistis,
1172 2395 1280 2435 non
1317 2380 1384 2434 ad
1415 2389 1762 2450 presentem,
1809 2378 1906 2434 sed
1953 2377 2021 2432 ad

429 2477 765 2548 praeteritam
786 2477 1008 2546 respicit
1037 2477 1326 2549 Babylonis
1345 2477 1730 2547 captivitatem,
1763 2476 2020 2549 quoniam

427 2563 499 2621 de
527 2581 592 2622 ea
619 2566 946 2637 quandoque
977 2582 1075 2621 vos
1104 2581 1220 2621 erat
1251 2567 1574 2622 educturus.

500 2655 742 2710 Marses.
792 2652 914 2724 Qua
963 2657 1292 2726 comprobas
1331 2657 1652 2711 auctoritate
1699 2655 2023 2726 promissum

432 2750 564 2808 illud
593 2751 663 2806 ad
693 2752 868 2808 solam
890 2752 1202 2822 Babyloniis
1233 2752 1599 2822 captivitatem
1627 2753 1943 2823 pertinere?

501 2841 733 2897 Pramus.
761 2839 1031 2911 Quoniam
1059 2841 1115 2895 in
1144 2841 1264 2898 loco
1296 2842 1387 2896 ubi
1417 2842 1746 2913 promissum
1769 2843 1874 2897 hoc
1903 2841 2028 2898 fecit

433 2938 582 2995 Deus
619 2938 689 2994 ad
739 2940 981 3010 Moysen,
1023 2938 1068 2994 si
1117 2940 1388 3012 paulisper
1424 2939 1673 2996 attendas
1719 2941 2026 3012 superiora,

431 3027 686 3084 eumdem
701 3029 921 3100 Moysen
933 3029 1260 3100 prmmisisse
1273 3031 1543 3086 invenies:
1569 3033 1716 3087 Tunc
1725 3033 2032 3103 placebunt

439 3131 608 3184 terrm
644 3126 874 3184 sabbata
901 3143 1027 3196 sua,
1063 3129 1288 3184 cunctis
1310 3128 1505 3184 diebus
1524 3129 1859 3186 solitudinis
1889 3146 2026 3207 suae,

437 3223 660 3298 quando
675 3225 836 3280 eritis
851 3226 914 3280 in
935 3229 1090 3280 terra
1113 3226 1324 3292 hostili,
1347 3227 1733 3292 sabbatizabit,
1755 3232 1807 3282 et
1821 3228 2032 3301 requie-
2061 3240 2110 3305 ο

437 3318 554 3370 scet
588 3313 652 3368 in
684 3313 938 3369 Sabbatis
967 3313 1120 3382 (Leu.
1170 3321 1338 3384 χχι-ι).
1383 3316 1496 3370 Hoc
1531 3325 1711 3371 autem
1741 3316 1822 3371 eis
1851 3316 1904 3370 in
1931 3318 2028 3370 Ba-

432 3401 685 3473 bylonem
715 3401 892 3458 ductis
920 3402 1254 3474 completum
1283 3419 1406 3458 esse
1437 3405 1604 3459 Ezras
1633 3405 1684 3459 in
1704 3405 1844 3460 libro
1865 3405 2031 3460 Tem-

439 3515 633 3570 pornm
673 3501 1012 3570 comprobat,
1047 3501 1234 3557 dicens
1261 3501 1402 3556 inter
1430 3513 1662 3558 caetera:
1697 3505 1914 3559 Ductus
1947 3507 2035 3559 est

440 3589 616 3645 Israel
647 3591 713 3645 in
740 3590 1100 3662 Babylonem,
1135 3595 1192 3646 et
1221 3593 1454 3647 servivit
1489 3592 1606 3663 regi
1633 3596 1690 3648 el
1720 3593 1859 3660 ﬁliis
1885 3595 2031 3659 eius,

444 3677 618 3736 donec
639 3679 949 3735 celebraret
991 3683 1147 3736 terra
1184 3681 1429 3737 Subbata
1458 3697 1582 3736 sua.
1623 3682 1853 3738 Cunctis
1879 3683 2036 3738 enim

440 3766 631 3824 diebus
655 3769 1024 3824 desolationis
1061 3771 1174 3841 egit
1205 3771 1507 3827 Sabbatu-m
1527 3771 1604 3842 (ιι
1639 3773 1770 3826 Par.
1816 3775 2026 3840 xxxvt).

441 3856 504 3911 In
531 3856 616 3911 his
645 3856 829 3913 verbis
869 3857 1074 3930 liquido
1119 3867 1352 3930 apparet
1380 3858 1505 3930 quia
1533 3859 1603 3916 de
1649 3859 1830 3931 prima
1859 3857 2040 3930 capti-

445 3945 609 4004 vitate
635 3945 908 4018 loquatur.

515 4045 758 4100 Morsas.
791 4043 1098 4100 Auctoritas
1127 4045 1232 4102 ista
1281 4061 1420 4102 mete
1459 4061 1566 4102 non
1596 4043 1790 4102 sufﬁcit
1819 4045 2040 4102 dubita-

444 4133 594 4200 tioni,
625 4134 756 4206 quia
783 4148 893 4200 non
923 4141 1187 4190 monstrat
1208 4151 1308 4191 nos
1334 4143 1568 4207 propter
1595 4135 1870 4192 hominem
1892 4135 2070 4191 illumo

445 4223 502 4278 in
532 4223 674 4279 hanc
702 4223 974 4279 decidisse
1001 4224 1394 4294 captivitatem.

523 4321 760 4376 Passus.
793 4318 952 4388 Quod
974 4318 1280 4375 evidentius
1317 4320 1684 4378 testimonium
1702 4337 1922 4394 quaeras
1945 4337 2047 4378 vos

447 4418 672 4484 propter
709 4407 912 4464 Christi
951 4417 1177 4464 mortem
1225 4410 1365 4466 hanc
1412 4410 1630 4467 subisse
1655 4411 2042 4500 captivitatem,

450 4523 616 4582 quam
673 4505 728 4562 id
785 4505 932 4577 quod
990 4506 1254 4577 scriptum
1309 4507 1455 4578 apud
1503 4524 1602 4564 vos
1657 4507 1862 4580 legitis,
1923 4509 2050 4580 quia

449 4597 658 4656 scilicet
687 4597 742 4650 in
771 4595 891 4667 ipso
937 4595 1114 4651 adhuc
1159 4596 1486 4665 captivitatis
1523 4597 1772 4663 exordio,
1819 4598 2041 4669 quidam
2071 4603 2124 4664 D

449 4697 608 4744 terra:
643 4693 843 4742 vestrae
888 4685 1145 4756 princeps
1195 4685 1383 4742 decem
1429 4686 1496 4742 de
1539 4686 1852 4742 melioribus
1883 4686 2048 4742 totius

447 4775 732 4834 Israelitici
744 4773 949 4846 populi,
976 4773 1242 4830 Ananiam
1265 4774 1476 4832 scilicet
1488 4775 1840 4831 Terradionis
1852 4773 2044 4842 tilium,

451 4867 760 4923 Simeonem
783 4863 1101 4920 Gamalielis
1137 4862 1322 4930 tilium,
1351 4864 1554 4919 Ismael
1591 4863 1960 4921 Eliseiﬁlium.
1993 4871 2048 4922 et

450 4957 666 5013 Achiba
693 4962 1031 5025 cmterosque
1061 4963 1249 5024 captos
1280 4951 1334 5006 in
1365 4969 1640 5010 carcerem
1674 4954 1838 5020 misit,
1871 4954 2048 5011 scisci-

448 5061 568 5109 tans
599 5063 652 5109 ut
683 5052 812 5125 quid
841 5053 1046 5120 justum
1075 5051 1465 5107 vendidissent.
1508 5052 1615 5108 Lex
1659 5051 1824 5118 enim,
1849 5052 2044 5123 inquit,

449 5151 708 5209 discernit
756 5157 810 5205 ut
861 5148 1172 5221 quicunque
1223 5149 1469 5205 Judaeum
1501 5149 1826 5216 vendiderit,
1863 5148 2049 5206 mortis

449 5241 710 5297 multetur
735 5239 1033 5295 sententia.
1071 5238 1138 5293 Et
1170 5239 1442 5308 vosigitur
1459 5238 1762 5294 secundum
1787 5238 2049 5308 judicium

447 5328 588 5402 legis
616 5329 754 5385 mori
780 5327 1020 5385 debetis.
1051 5351 1074 5374 ιι
1101 5328 1256 5382 Dicto
1273 5327 1515 5392 decreto,
1539 5329 1692 5384 vario
1713 5328 1801 5383 dat
1817 5343 2050 5399 corpora

447 5427 574 5484 leto.
603 5449 627 5478 ι
682 5427 805 5483 Νοη
861 5426 1005 5482 enim
1061 5441 1254 5481 omnes
1297 5441 1399 5480 una
1445 5425 1688 5483 coercuit
1726 5441 1908 5496 pinna,
1953 5425 2050 5481 sed

454 5515 684 5590 singulis
713 5514 930 5589 singula
959 5523 1086 5570 sunt
1110 5530 1319 5585 genera
1333 5515 1528 5571 mortis
1549 5515 1850 5587 proposita.
1873 5513 2054 5570 Alium

455 5603 706 5661 videlicet
734 5604 879 5678 ignis
909 5605 1190 5670 cremavit,
1222 5603 1360 5660 alter
1386 5603 1554 5660 ferrei
1594 5603 1823 5674 pectinis
1851 5602 2054 5676 ungui-

461 5697 563 5756 bus
595 5703 870 5758 laceratus
907 5701 1223 5773 exspiravit,
1269 5702 1436 5757 alium
1487 5717 1617 5759 vero
1657 5718 1801 5758 mors
1849 5701 2056 5773 qumvis

459 5785 680 5844 diversa
733 5791 1090 5859 consumpsit,
1147 5790 1607 5860 quemadmodum
1674 5798 1880 5846 mortes
1937 5789 2056 5848 illas

460 5891 656 5940 vestra?
714 5882 976 5940 doctrinae
1029 5883 1175 5940 liber
1220 5885 1494 5957 exposuit.
1549 5887 1818 5944 Doctores
1871 5890 2054 5943 autem

2126 1998 2325 2054 autem,
2347 1999 2422 2056 ut,
2446 1990 2492 2044 si
2509 1991 2929 2062 vales,aliquam
2943 1991 3011 2045 de
3035 1991 3314 2061 prophetis
3353 1991 3744 2048 auctoritatem

2127 2079 2182 2133 in
2212 2079 2449 2134 medium
2491 2078 2732 2146 deferas,
2772 2095 2882 2152 qua
2909 2079 3280 2149 captivitatem
3310 2079 3464 2134 istam
3493 2089 3738 2152 propter

2128 2169 2404 2224 hominem
2462 2167 2634 2234 illum,
2679 2178 2731 2224 et
2773 2185 2896 2224 eum
2929 2168 3202 2224 Christum
3256 2185 3378 2224 esse
3408 2169 3736 2226 necessario

2129 2277 2422 2334 monstres,
2477 2285 2578 2325 nec
2616 2268 2780 2324 nonis
2806 2269 2862 2323 in
2891 2269 2994 2326 hac
3043 2268 3388 2325 tribulatione
3417 2285 3578 2341 posse
3598 2285 3738 2326 cer-

2127 2367 2241 2414 tum
2272 2357 2556 2412 terminum
2588 2373 2736 2413 esse.

2204 2447 2438 2502 Parens.
2507 2447 2677 2502 Isaias
2727 2446 2996 2518 propheta
3060 2446 3184 2502 ait:
3234 2449 3275 2504 A
3305 2447 3510 2516 ﬁnibus
3563 2451 3741 2504 terra:

2134 2535 2330 2592 laudes
2377 2535 2720 2602 audivimus,
2775 2536 3018 2608 gloriam
3043 2536 3197 2606 justi
3244 2536 3376 2602 (Isa.
3406 2539 3571 2607 xxnv).
3603 2537 3738 2592 Hac

2134 2624 2320 2690 verba,
2366 2623 2498 2694 justi
2555 2625 2714 2693 hujus
2761 2624 2952 2679 laudes
3008 2625 3209 2697 ubique
3265 2635 3526 2681 terrarum
3564 2624 3737 2682 fuisse

2134 2721 2456 2778 ostendunt.
2495 2721 2712 2776 Nullius
2741 2729 2920 2778 autem
2972 2722 3208 2778 hominis
3233 2723 3364 2793 justi
3399 2723 3735 2778 laudestan-

2135 2819 2220 2866 tas
2251 2810 2420 2866 fuisse
2443 2825 2684 2882 unquam
2707 2811 3036 2878 audivimus,
3057 2819 3112 2867 ut
3134 2827 3310 2884 usque
3330 2811 3398 2867 ad
3421 2810 3556 2868 fines
3571 2822 3736 2868 terra

2137 2909 2500 2981 pervenirent.
2532 2908 2631 2964 Cui
2668 2907 2824 2978 justo
2865 2909 2996 2981 quia
3027 2909 3416 2966 tribulationes
3453 2926 3584 2981 quas
3611 2911 3736 2966 sine

2141 3013 2301 3054 causa
2331 3013 2594 3069 passurus
2624 3006 2740 3052 erat
2767 2997 3116 3068 prmvidebat,
3149 2999 3234 3054 his
3263 2999 3582 3069 compatitur
3609 3014 3737 3054 ver-

2142 3086 2459 3154 bis,diceus:
2479 3087 2559 3142 Va:
2569 3087 2731 3142 mihi:
2745 3085 3560 3160 praevaricantesprzevaricati
3571 3091 3731 3155 sunt,

2142 3185 2616 3240 Prwvaricatione
2653 3189 3145 3256 transgressos-um
3189 3186 3551 3258 praevaricati
3595 3189 3736 3242 sunt

2141 3273 2455 3343 (Isa.xxtv).
2493 3273 2808 3328 Praevidens
2826 3274 2968 3330 enim
3005 3275 3266 3346 propheta
3305 3290 3438 3348 quas
3462 3274 3736 3345 prophetis

2136 3363 2236 3419 Dci
2246 3363 3044 3434 adventumpraenuntiantibus
3057 3364 3434 3420 tribulatioues
3447 3363 3640 3418 illaturi
3654 3379 3734 3419 es-

2140 3471 2278 3528 sent,
2295 3461 2396 3516 ait:
2417 3463 2865 3518 Prcevaricantes
2878 3464 3242 3534 praevaricati
3251 3461 3626 3527 sunt,intuitus
3637 3476 3732 3517 au-

2143 3560 2272 3614 tem,
2299 3550 2426 3623 quia
2453 3567 2554 3607 nec
2583 3551 2844 3606 membris
2873 3551 3134 3616 contenti,
3176 3551 3356 3622 ipsum
3385 3551 3547 3606 etiam
3575 3557 3733 3622 caput

2142 3639 2346 3694 invidia
2395 3639 2546 3710 pleni
2601 3639 3016 3713 quibuscumque
3067 3649 3291 3712 possent
3329 3640 3502 3696 modis
3553 3647 3734 3696 essent

2143 3736 2484 3808 Oppressuri,
2551 3746 2603 3792 et
2646 3738 2950 3792 secun-lum
3010 3737 3260 3808 corporis
3323 3737 3731 3808 passibilitatem

2145 3825 2421 3894 occisuri,
2463 3825 2922 3897 praevaricationis
2971 3842 3172 3882 nomen
3219 3826 3604 3899 ingeminavit,
3658 3827 3732 3882 ita

2147 3913 2938 3988 subjicicus,prwvaricatione
2959 3918 3440 3988 transgressorum
3463 3916 3728 3988 praevari-

2148 4005 2266 4060 cati
2302 4009 2458 4060 sunt.
2501 4003 2610 4060 Sed
2643 4005 2772 4076 quia
2803 4020 2902 4075 pro
2919 4005 3020 4060 hoc
3037 4013 3256 4076 peccato
3280 4019 3440 4075 poena
3472 4002 3730 4074 plectendi

2147 4100 2350 4157 essent,
2383 4093 2622 4147 dictante
2651 4092 2845 4162 Spiritu
2877 4093 3190 4163 praesciens,
3225 4092 3370 4149 illico
3397 4092 3726 4164 subjungens

2151 4181 2252 4237 ait:
2279 4181 2566 4238 Fortitudo
2597 4185 2652 4237 et
2666 4186 2846 4254 fovea,
2871 4185 2928 4238 et
2948 4183 3178 4254 laqueus
3199 4197 3368 4255 super
3387 4189 3438 4237 te
3458 4182 3552 4254 qui
3579 4181 3724 4236 habi-

2155 4273 2308 4326 tator
2320 4285 2377 4326 es
2406 4274 2574 4326 terra:
2590 4269 2772 4342 (ibid).
2804 4271 2954 4326 Inter
2975 4280 3172 4326 caetera
3204 4285 3420 4342 quoque
3449 4270 3517 4325 de
3547 4270 3724 4325 eadem

2153 4367 2315 4431 gente
2343 4359 2442 4414 ait:
2487 4360 2748 4416 Gravabit
2775 4361 2930 4416 enim
2967 4360 3240 4432 iniquitas
3272 4376 3396 4427 sua,
3420 4363 3475 4415 et
3496 4361 3722 4426 corruet,

2157 4463 2341 4516 etnon
2355 4459 2588 4530 adjiciet
2610 4462 2674 4515 ut
2695 4463 2958 4532 resurgat
2987 4459 3190 4530 (ibid.),
3225 4457 3318 4513 ubi
3341 4457 3586 4513 Videlicet
3611 4473 3724 4513 cer-

2159 4556 2266 4602 tum
2297 4547 2456 4602 vobis
2495 4549 2786 4602 terminum
2817 4547 3082 4603 evadendi
3111 4547 3478 4618 captivitatem
3504 4545 3722 4602 funditus

2153 4645 2444 4716 depressit.
2498 4644 2596 4700 His
2640 4660 2880 4701 consona
2925 4643 3187 4700 Dominus
3214 4661 3311 4716 per
3339 4643 3583 4700 eumdem
3608 4659 3720 4716 pro-

2153 4735 2378 4806 phetam
2417 4734 2470 4788 in
2506 4733 2614 4789 alio
2653 4735 2774 4790 loco
2814 4733 2993 4804 posuit
3023 4733 3247 4790 dicens:
3284 4734 3440 4790 Nunc
3461 4733 3721 4806 ingressus

2155 4833 2330 4888 scribe
2344 4847 2512 4904 super
2527 4832 2762 4898 buxum,
2778 4835 2832 4887 et
2849 4833 2911 4888 in
2925 4831 3380 4902 libro'diligeuter
3400 4847 3574 4888 exora
3597 4831 3723 4886 illud

2156 4926 2209 4976 et
2225 4922 2334 4976 erit
2348 4921 2410 4976 in
2424 4921 2512 4976 die
2526 4921 2826 4976 novissimo
2841 4923 2901 4976 in
2933 4920 3318 4976 testimonium
3335 4935 3506 4993 usque
3519 4919 3578 4974 in
3589 4923 3722 4974 ater-

2155 5026 2296 5066 num
2321 5025 2334 5064 :
2357 5010 2601 5081 Populus
2619 5011 2774 5065 enim
2795 5010 2866 5065 ad
2900 5009 3261 5064 iracundiam
3289 5013 3610 5082 provocatus
3629 5009 3718 5072 est,

2156 5113 2213 5165 et
2223 5109 2333 5178 ﬁlii
2359 5109 2674 5173 mendaces,
2694 5107 2804 5177 ﬁlii
2826 5109 3085 5186 nolentes
3115 5106 3314 5164 audire
3333 5107 3627 5180 legemDei,
3643 5103 3725 5177 qui

2157 5205 2732 5262 dicuntvidentibus:
2773 5205 2957 5260 Nolite
2984 5203 3189 5269 videre,
3219 5207 3274 5259 et
3307 5203 3718 5275 aspicientibus:

2157 5305 2340 5362 Nolite
2374 5305 2626 5375 aspicere
2656 5303 2814 5359 nobis
2849 5319 2916 5358 ea
2942 5318 3065 5375 qua:
3100 5305 3258 5358 recta
3286 5303 3444 5357 sunt.
3475 5301 3722 5370 Aufertca

2158 5417 2250 5457 me
2263 5403 2430 5468 viam,
2452 5400 2738 5457 declinato
2755 5417 2790 5455 a
2815 5415 2906 5456 me
2931 5400 3216 5465 semitam,
3243 5401 3420 5454 cesset
3439 5414 3472 5452 a
3483 5397 3618 5466 facie
3635 5411 3723 5452 no-

2159 5503 2284 5556 stra
2304 5501 2544 5555 sanctus
2559 5497 2740 5554 Israel
2761 5497 2892 5568 (Isa.
2925 5497 3087 5566 xxx).
3127 5494 3534 5568 Buxuslignum
3561 5492 3720 5549 durum

2161 5606 2268 5662 est,
2291 5604 2346 5652 et
2389 5595 2742 5668 imputribile.
2787 5595 2916 5651 Ideo
2943 5602 3124 5650 autem
3149 5593 3207 5648 in
3235 5593 3378 5651 buxo
3406 5590 3584 5660 scribi,
3608 5597 3652 5647 et
3676 5591 3720 5647 in

2164 5693 2304 5749 libro
2325 5693 2625 5767 diligenter
2653 5691 2910 5765 pmcepit
2935 5690 3172 5754 exarari,
3201 5699 3258 5746 ut
3279 5689 3334 5744 in
3361 5698 3612 5746 internum
3633 5688 3720 5744 du-

2165 5799 2328 5860 raret,
2390 5799 2446 5846 et
2493 5807 2674 5862 usque
2703 5791 2762 5846 in
2808 5788 3174 5846 novissimum
3215 5788 3360 5844 diem
3392 5785 3720 5842 testimonium

2163 5885 2558 5946 incredulitatis
2594 5903 2710 5944 suae
2755 5893 2809 5944 et
2851 5883 3212 5960 cpprobrium
3250 5889 3606 5957 permaneret.
3641 5883 3722 5944 Pet
