3966 6402
216 400 349 461 ·57Ἷ

1735 392 2041 452 DIALOGI.

3440 399 3543 455 578

239 530 353 586 hoc
381 528 540 584 etiam
562 528 707 600 quod
729 527 820 595 ait,
840 529 950 585 erit
967 528 1031 583 in
1047 526 1346 583 novissimo
1366 524 1474 593 die,
1515 532 1641 591 etc.,
1666 522 1838 577 innuit
1870 526 1921 584 Α
1954 518 2021 573 de
2053 517 2216 573 fovea
2243 514 2601 571 hauriendam
2631 513 2825 580 valeat,
2857 522 3040 587 aperte
3069 514 3231 573 datur
3284 517 3533 592 intelligi,

240 627 370 699 quia
404 642 575 698 usque
604 626 658 680 in
689 626 1043 682 novissimum
1072 626 1213 682 diem
1263 630 1639 696 perseveraret
1685 637 1843 677 error

237 716 578 770 Judaeorum.
631 712 775 784 Quid
831 730 1013 771 autem
1069 722 1122 770 et
1177 729 1346 787 quare
1403 712 1569 769 scribi
1624 712 1839 777 debeat,

240 812 543 875 utrumque
565 804 739 859 inuno
762 820 923 859 versu
962 802 1198 858 insinuat
1233 819 1354 858 cum
1377 800 1514 857 dicit
1546 818 1560 855 :
1595 801 1841 873 Populus

236 903 398 958 enim
418 904 488 958 ad
508 902 869 960 iracundiam
886 919 1193 976 provocans
1207 907 1309 968 est,
1330 905 1386 957 et
1397 901 1509 970 ﬁlii
1519 901 1835 965 mendaces,

234 989 354 1057 filii
380 992 642 1047 nolentes
661 992 864 1048 audire
892 994 1067 1062 legem
1085 992 1201 1046 Dei.
1222 992 1301 1045 De
1327 1006 1434 1062 qua
1464 990 1588 1062 lege
1618 990 1719 1044 Dei
1749 989 1836 1043 di-

234 1077 323 1133 xit
350 1085 376 1133 τ
408 1079 471 1134 Si
502 1078 645 1134 enim
668 1080 739 1135 de
760 1082 885 1153 lege
906 1080 1005 1135 Dei
1028 1095 1192 1151 quam
1227 1095 1324 1151 per
1356 1080 1579 1150 Moysen
1609 1078 1838 1133 dederat

234 1175 429 1232 dicere
459 1177 624 1232 vellet
652 1179 944 1249 prepheta,
977 1178 1226 1234 nolentes
1248 1177 1442 1233 audire
1486 1180 1665 1249 legem
1713 1177 1832 1245 Dei,

234 1279 363 1321 cum
390 1266 501 1335 jam
531 1264 680 1321 illam
710 1267 1032 1338 frequenter
1059 1265 1359 1333 audissent,
1387 1266 1573 1337 utique
1603 1282 1711 1321 non
1754 1265 1835 1321 di-

231 1361 389 1409 ceret
416 1355 541 1423 hoc,
576 1354 673 1411 sed
705 1354 953 1410 nolentes
974 1354 1218 1424 implere.
1244 1356 1322 1410 De
1344 1354 1467 1426 lege
1503 1370 1639 1426 ergo
1670 1370 1835 1425 quam

232 1450 468 1506 daturus
493 1459 610 1506 erat
630 1452 879 1507 Christus
899 1452 1255 1525 intelligebat,
1287 1450 1356 1506 de
1386 1467 1491 1523 qua
1523 1452 1667 1523 quod
1715 1467 1835 1507 eam

230 1539 420 1594 audire
450 1539 680 1608 nollent,
715 1541 983 1610 propheta
1007 1541 1119 1608 jam
1148 1539 1465 1610 prmsciebat
1515 1539 1674 1608 Quod
1725 1556 1828 1595 au-

232 1638 342 1682 tem
376 1627 679 1701 intulit,qui
712 1629 914 1684 dicunt
936 1629 1255 1685 videntibus
1289 1644 1301 1682 :
1333 1630 1514 1685 Nolite
1546 1630 1745 1693 videre,
1781 1633 1837 1684 et

231 1717 643 1787 aspicientibus
687 1733 698 1769 :
738 1718 919 1773 Nolite
945 1720 1198 1789 aspicere
1232 1718 1389 1773 nobis
1420 1734 1485 1773 ea
1513 1735 1635 1789 quae
1681 1722 1839 1773 recta

230 1807 635 1876 sunt.Au/erte
650 1822 685 1861 a
699 1823 787 1861 me
806 1808 973 1869 viam,
993 1808 1277 1862 declinate
1292 1808 1839 1870 a‘mesemitam,hoc

235 1902 456 1973 quidem
487 1870 694 1957 addidit
742 1913 966 1975 propter
1018 1906 1279 1959 Joannem
1340 1903 1504 1958 lilium
1557 1905 1831 1959 Zachariae
1862 1870 1914 1930 Β

233 1991 439 2045 Christi
469 2007 866 2062 praecursorem
892 1992 1122 2063 (Joan.),
1153 2000 1207 2048 et
1233 2002 1461 2048 crateres
1519 1994 1609 2065 qui
1670 1993 1834 2047 Chri-

234 2086 379 2134 stum
410 2095 521 2135 non
548 2081 727 2137 solum
756 2089 1044 2136 venturum
1089 2080 1477 2151 praedixerunt,
1525 2081 1622 2136 sed
1671 2080 1834 2136 etiam

236 2176 411 2247 digito
439 2178 815 2245 ostenderunt,
848 2180 1048 2251 quibus
1095 2179 1314 2234 Judzeos
1362 2195 1473 2233 non
1521 2196 1645 2235 esse
1691 2195 1840 2250 prae-

236 2267 502 2323 noscebat
531 2268 854 2333 credituros,
903 2268 997 2323 sed
1053 2267 1378 2338 hujusmodi
1435 2268 1605 2323 verba
1657 2269 1838 2324 dictu-

239 2370 350 2411 ros.
385 2354 545 2425 Quod
577 2366 759 2412 autem
790 2357 842 2411 in
876 2357 1231 2428 sequentibus
1272 2357 1457 2412 dicunt
1505 2365 1840 2427 praetereun-

240 2452 373 2508 dum
404 2468 514 2508 non
546 2462 648 2508 est.
682 2454 880 2510 Dicunt
909 2453 1093 2510 enim:
1135 2455 1319 2511 Cesset
1365 2471 1405 2508 α
1460 2456 1609 2525 [acie
1644 2458 1844 2509 nostra

249 2546 487 2597 sanctus
507 2542 700 2598 Israel.
733 2541 996 2607 Quisnam
1038 2551 1123 2598 est
1175 2543 1276 2597 iste
1332 2547 1568 2598 sanctus
1614 2543 1789 2598 Isra1l
1816 2542 1845 2595 ‘2

242 2630 500 2702 Nunquid
561 2631 708 2686 Deus
766 2631 995 2685 visibilis
1052 2639 1154 2699 est,
1204 2639 1262 2685 ut
1315 2631 1384 2686 de
1438 2648 1506 2686 eo
1580 2612 1843 2716 dicerent,

245 2731 423 2783 cesset
448 2746 479 2782 ιι
498 2730 647 2798 facie
677 2732 892 2795 nostra,
928 2737 1015 2783 aut
1033 2729 1101 2783 de
1134 2745 1195 2784 re
1226 2728 1482 2783 invisibili
1512 2729 1618 2784 dici
1647 2736 1846 2800 potest,

247 2815 393 2888 quod
423 2815 491 2872 ab
522 2817 760 2871 humana
801 2816 944 2872 facie
998 2828 1203 2882 cesset,
1261 2832 1381 2873 cum
1439 2816 1508 2872 ab
1558 2834 1621 2872 ea
1678 2816 1852 2871 videri

247 2920 356 2959 non
386 2906 611 2976 possit?
640 2906 695 2960 Si
724 2922 858 2977 ergo
890 2922 1111 2978 quaeras
1131 2907 1302 2961 Deum
1340 2906 1433 2978 qui
1475 2907 1645 2977 possit
1693 2906 1852 2961 vide-

254 3000 322 3065 ri,
356 3016 466 3056 non
498 3000 746 3057 invenies
776 3000 881 3056 nisi
911 3002 1208 3057 Christum.
1260 3003 1383 3073 Ipse
1415 3002 1559 3056 enim
1606 3011 1659 3058 et
1713 3018 1852 3057 unus

251 3103 377 3146 cum
417 3090 572 3144 Patre
640 3099 723 3145 est
790 3091 937 3145 Deus
1007 3092 1194 3159 (Joan.
1264 3094 1361 3159 x,),
1420 3100 1474 3146 et
1530 3100 1710 3146 tamen
1758 3107 1858 3161 per

253 3179 644 3233 humanitatem
673 3179 922 3250 apparuit
952 3182 1155 3235 mundo
1178 3179 1406 3235 visibilis
1427 3180 1679 3250 (Til.m).
1722 3179 1857 3235 Cum

254 3285 433 3332 autem
476 3285 553 3332 tot
591 3294 777 3333 eorum
816 3278 1302 3349 praevaricationes
1332 3278 1703 3349 praemisisset,
1737 3278 1852 3333 vin-

256 3365 460 3422 dictam
497 3367 671 3437 ipsius
694 3367 902 3437 peccati
920 3367 1204 3422 subintulit
1221 3368 1443 3423 dicens:
1477 3371 1585 3423 Pro
1624 3383 1685 3423 eo
1714 3367 1855 3440 quod

256 3474 596 3544 reprobastis
610 3474 834 3529 verbum
848 3474 969 3538 hoc,
995 3476 1051 3531 et
1069 3475 1338 3545 sperastis
1353 3475 1413 3529 in
1427 3476 1778 3530 calumniam
1801 3479 1856 3530 et

260 3562 595 3631 tumultum,
619 3566 676 3618 et
696 3563 878 3618 innisi
895 3565 1035 3618 estis
1052 3579 1219 3635 super
1234 3580 1315 3628 eo,
1336 3568 1631 3635 prOpterea
1645 3565 1754 3619 erit
1776 3580 1859 3620 vo-

259 3659 340 3716 bis
353 3660 632 3731 iniquitas
645 3659 761 3716 tunc
777 3662 927 3715 sicut
941 3662 1237 3733 interrupi
1245 3662 1296 3715 io
1317 3661 1607 3729 cadens,et
1626 3663 1858 3733 requisi-

268 3754 325 3803 ta
340 3748 401 3802 in
425 3764 590 3803 muro
608 3751 853 3815 excelso,
881 3750 1145 3819 quoniam
1172 3749 1353 3805 subito
1381 3756 1516 3805 dum
1544 3765 1660 3804 non
1676 3766 1863 3822 spera-

265 3840 364 3893 tur
381 3838 569 3892 veniet
587 3839 857 3895 contritio
873 3840 1010 3910 ejus,
1036 3842 1092 3893 et
1106 3840 1528 3894 comminuetur
1541 3839 1692 3894 sicut
1720 3855 1859 3895 con—

265 3935 474 3991 teritur
487 3936 688 4005 laqena
699 3936 864 4007 ﬁguli
874 3936 1217 3993 contritione
1236 3935 1541 4008 praevalida
1561 3940 1616 3991 et
1633 3952 1746 3991 non
1770 3936 1862 3990 in-

264 4024 555 4080 veniebam
572 4026 638 4081 de
661 4028 1002 4097 fragmentis
1019 4026 1141 4097 ejus
1156 4030 1380 4095 testam,
1396 4026 1455 4081 in
1475 4041 1585 4098 qua
1600 4029 1864 4098 portetur

262 4114 550 4185 igniculus
572 4114 638 4169 de
653 4114 1045 4182 incendio,aut
1067 4114 1373 4171 hauriatur
1393 4132 1601 4187 parum
1622 4130 1780 4187 aqua:
1801 4114 1863 4170 de

265 4211 569 4282 fovea(lsa.
591 4212 756 4283 xxx).
793 4211 1034 4267 Verbum
1062 4213 1163 4268 Dei
1192 4212 1443 4268 Christus
1473 4221 1554 4267 est
1576 4212 1763 4283 (Joan.
1788 4212 1854 4273 ι).

267 4298 370 4369 Qui
391 4316 526 4373 ergo
548 4302 807 4371 reprobat
827 4302 1124 4371 Christum,
1158 4302 1341 4373 utique
1360 4302 1611 4373 reprobat
1643 4309 1697 4356 et
1730 4301 1865 4355 Ver-

267 4387 394 4444 bum
412 4404 736 4447 econverso.
766 4390 938 4445 Punili
961 4391 1295 4463 itaque,quia
1320 4391 1420 4447 Dei
1439 4390 1866 4460 reprobaverunt

269 4489 535 4555 Verbum,
563 4490 736 4559 puniti
781 4491 1180 4545 concluduntur
1237 4489 1384 4562 quod
1441 4488 1866 4560 reprobaverunt

1949 615 2077 685 quia
2105 622 2282 670 vestra
2315 613 2599 685 captivitas
2630 612 2684 667 in
2715 621 2917 669 tantam
2961 614 3106 668 venit
3149 615 3530 684 dejectionem,

1948 704 2099 775 quod
2129 718 2405 775 nunquam
2434 702 2488 756 in
2517 702 2797 773 pristinam
2822 703 3019 757 redibit
3039 703 3531 774 libertatem.Quod

1945 801 2124 848 autem
2151 800 2379 863 propter
2407 792 2674 863 quosdam
2706 790 2795 862 qui
2826 792 3147 864 quandoque
3168 793 3222 847 in
3256 795 3532 850 Christum

1945 891 2202 947 credituri
2232 898 2375 955 sunt,
2406 890 2640 961 ideoque
2669 889 2931 956 salvandi,
2969 890 3113 946 Deus
3141 901 3378 947 vestrum
3411 910 3530 949 ser-

1941 995 2070 1035 vare
2099 978 2268 1034 voluit
2297 995 2506 1043 semen,
2540 979 2662 1034 ideo
2694 980 2954 1049 propheta
3002 981 3104 1034 sub
3160 981 3530 1052 descriptione

1944 1069 2174 1142 gratiam
2203 1067 2474 1124 benedicti
2503 1067 2784 1122 subintulit
2811 1067 3035 1123 dicens:
3065 1069 3341 1137 Quomodo
3363 1074 3411 1127 si
3432 1073 3527 1128 in-

1943 1169 2205 1223 veniatur
2223 1183 2468 1236 granum
2487 1168 2546 1220 in
2578 1166 2748 1230 botro,
2767 1169 2821 1220 et
2841 1166 3097 1222 dicatur:
3119 1167 3195 1223 Ne
3215 1168 3446 1241 dissipes
3461 1171 3532 1226 il-

1944 1255 2042 1312 lud
2061 1255 2326 1328 quoniam
2345 1253 2898 1324 benedictioest(lsa.
2930 1254 3085 1324 va),
3120 1257 3316 1311 eodem
3368 1259 3529 1316 modo

1943 1360 2004 1399 se
2033 1343 2260 1399 minime
2310 1358 2405 1399 vos
2460 1341 2836 1412 dispersurum
2887 1343 3135 1414 promisit
3187 1361 3310 1400 cum
3366 1347 3531 1405 dicit:

1950 1443 2040 1499 Sic
2066 1443 2278 1513 faciam
2297 1444 2530 1512 pr0pter
2552 1455 2737 1495 servos
2763 1455 2930 1505 meos,
2957 1445 3022 1496 ut
3054 1458 3168 1497 non
3208 1443 3530 1514 disperdam

1939 1534 2118 1586 totum
2148 1529 2353 1601 (ibid).
2371 1526 2552 1596 Quare
2575 1536 2753 1584 autem
2772 1529 2875 1584 hoc
2891 1529 3199 1599 promiserit
3220 1531 3369 1588 illico
3391 1550 3527 1603 ape-

1937 1629 2005 1683 rit
2022 1629 2215 1683 dicens
2236 1648 2247 1681 ;
2277 1626 2543 1689 Educam,
2562 1626 2753 1697 inquit,
2772 1626 2838 1682 de
2858 1627 3022 1682 Iacob
3042 1644 3252 1695 semen,
3273 1630 3405 1685 etde
3427 1634 3530 1688 Ju-

1935 1726 2007 1781 dri
2020 1725 2399 1796 possidentem
2414 1727 2629 1779 montes
2645 1740 2810 1789 meos,
2832 1728 2890 1780 et
2904 1726 3293 1782 hereditatem
3321 1745 3528 1798 meam,

1936 1815 2104 1868 electi
2132 1816 2247 1870 mei
2267 1818 2321 1869 et
2343 1814 2489 1870 servi
2506 1815 2619 1869 mei
2641 1813 2979 1869 habitabant
2998 1815 3077 1869 ibi
3097 1816 3294 1885 (ibib.),
3319 1822 3534 1874 montes

1940 1902 2194 1957 videlicet
2223 1904 2506 1973 apostolos
2537 1902 2843 1973 appellans,
2877 1904 2967 1973 qui
2999 1911 3054 1957 ut
3084 1913 3296 1960 montes
3327 1907 3538 1962 excelsi

1937 1999 2030 2055 toti
2064 2001 2263 2056 mundo
2295 2008 2420 2054 sunt
2448 2001 2748 2068 conspecti,
2769 2000 2898 2057 licet
2926 2000 2977 2053 in
3001 2002 3356 2072 sequentibus
3374 2019 3535 2060 mon-

1943 2096 2049 2143 tem
2082 2096 2331 2144 sanctum
2360 2089 2626 2162 singulari
2671 2104 2895 2143 numero
2951 2089 3218 2160 prolatum
3272 2091 3539 2165 intelligat

1948 2177 2222 2232 Christum
2250 2198 2263 2242 ;
2299 2179 2505 2233 electos
2528 2186 2708 2233 autem
2727 2185 2778 2232 et
2800 2193 3006 2244 servos,
3030 2187 3248 2235 sanctos
3270 2180 3542 2250 quoslibet

1948 2265 2094 2321 alios
2120 2282 2339 2333 vocans,
2373 2274 2595 2337 propter
2627 2282 2853 2337 quorum
2883 2264 3124 2322 futuram
3184 2268 3542 2325 salvationem

1950 2379 2050 2417 vos
2075 2364 2205 2417 estis
2236 2364 2518 2418 reservati.
2554 2365 2633 2418 De
2664 2364 2749 2418 bis
2777 2372 2957 2419 autem
2989 2365 3079 2436 qui
3113 2382 3221 2421 non
3254 2377 3379 2423 sunt
3427 2385 3543 2425 cre-

1952 2451 2135 2513 dituri.
2167 2468 2330 2523 quam
2361 2452 2610 2521 subjiciat
2656 2454 2986 2508 sententiam
3042 2454 3209 2508 audi:
3274 2457 3386 2521 Vos,
3445 2458 3539 2525 ait,

1953 2542 2048 2614 qui
2078 2541 2458 2613 dereliquistis
2476 2542 2909 2614 Dominum,qui
2944 2543 3251 2599 oblitiestis
3295 2553 3546 2601 montem

1955 2640 2219 2691 sanctum
2234 2653 2442 2701 meum,
2466 2637 2560 2709 qui
2571 2638 2784 2707 ponitis
2802 2640 3054 2709 fortuna:
3072 2655 3345 2705 mensam,
3381 2646 3438 2697 et
3483 2643 3549 2698 li-

1960 2724 2106 2780 batis
2123 2742 2297 2799 super
2315 2742 2459 2785 eam.
2484 2728 2787 2782 numerabo
2809 2742 2899 2783 vos
2946 2729 3005 2782 in
3035 2728 3241 2798 gladio,
3275 2734 3330 2785 et
3359 2746 3551 2787 omnes

1965 2814 2025 2869 in
2044 2815 2194 2870 ccede
2216 2816 2619 2886 corruetis,pro
2641 2831 2701 2871 eo
2724 2817 2863 2885 quod
2888 2817 3078 2872 vocavi
3102 2820 3156 2871 el
3179 2833 3293 2873 non
3320 2835 3553 2892 respon-

1962 2912 2146 2979 distis,
2182 2914 2400 2968 locutus
2419 2930 2545 2968 sum
2564 2917 2745 2969 etnon
2768 2913 3009 2969 audistis
3030 2913 3154 2984 (Isa.
3179 2916 3334 2979 va).
3369 2918 3551 2973 Incre-

1962 3011 2080 3072 pata
2103 3017 2236 3056 vero
2260 3017 2447 3057 eorum
2469 3001 2747 3073 iniquitate
2771 3002 2874 3057 hoc
2898 3002 3059 3057 modo
3098 3004 3428 3060 condemnat
3456 3022 3554 3062 eos

1965 3097 2018 3144 et
2046 3090 2203 3144 aliter
2234 3089 2437 3145 scilicet
2466 3090 2736 3145 laudando
2755 3105 2881 3144 suos
2900 3088 3106 3156 fideles,
3132 3099 3183 3147 et
3217 3093 3556 3165 increpando

1966 3176 2216 3233 inﬁdeles
2248 3179 2332 3233 bis
2362 3178 2545 3232 verbis
2571 3193 2584 3232 :
2608 3181 2845 3249 Propter
2861 3178 2961 3235 hoc
2977 3180 3092 3235 hac
3122 3180 3263 3236 dicit
3284 3183 3557 3241 Dominus

1967 3277 2113 3330 Deus
2127 3296 2145 3331 :
2161 3276 2296 3331 Ecce
2310 3277 2455 3332 servi
2472 3277 2581 3331 mei
2603 3275 2914 3341 comedent,
2935 3280 2992 3331 et
3005 3293 3094 3333 vos
3107 3293 3164 3332 es
3172 3279 3370 3334 arietis
3386 3298 3398 3343 ;
3433 3296 3558 3338 ecce

1962 3366 2113 3420 servi
2130 3365 2241 3421 mei
2270 3364 2476 3429 bibent,
2497 3369 2553 3420 et
2570 3381 2660 3421 vos
2682 3365 2890 3420 sitietis
2910 3385 2929 3432 ,-
2951 3381 3075 3421 ecce
3098 3368 3243 3422 servi
3264 3369 3376 3423 mei
3401 3369 3557 3425 laeta-

1965 3454 2195 3519 buntur,
2221 3457 2277 3509 et
2296 3471 2386 3510 vos
2406 3455 2875 3525 confundemini;
2902 3470 3025 3510 ecce
3055 3457 3204 3511 servi
3221 3457 3334 3511 mei
3365 3458 3562 3514 lauda-

1966 3543 2105 3598 bunt
2119 3559 2236 3613 pra:
2265 3542 2659 3599 exsultatione
2684 3543 2884 3609 cordis,
2906 3547 2964 3599 et
2994 3560 3084 3600 vos
3104 3542 3420 3601 clamabitis
3437 3562 3562 3617 prce

1966 3639 2154 3695 dolore
2178 3640 2382 3704 cordis,
2403 3645 2458 3695 et
2469 3654 2592 3711 prce
2610 3640 2958 3695 contritione
2975 3641 3215 3712 spiritus
3237 3643 3557 3699 ululabilis.

1967 3732 2026 3784 et
2045 3728 2352 3784 dimittetis
2380 3745 2586 3784 nomen
2613 3732 2864 3785 vestrum
2883 3728 2946 3783 in
2967 3730 3563 3791 iuramentumelectis

1972 3818 2116 3873 meis
2139 3817 2346 3887 (ibid).
2380 3819 2445 3872 Et
2477 3818 2604 3889 quia
2627 3817 2880 3872 omnibus
2920 3817 3005 3872 his
3060 3817 3218 3872 malis
3274 3821 3563 3877 transactis

1969 3914 2151 3986 aliqua
2180 3915 2360 3971 adhuc
2391 3930 2518 3985 spes
2547 3914 2813 3969 evadendi
2855 3914 3221 3984 captivitatem
3268 3932 3381 3971 non
3431 3933 3562 3987 pos-

1971 4011 2055 4058 set
2083 4020 2204 4059 esse
2234 4004 2474 4068 residua,
2507 4003 2683 4071 adjicit
2716 4003 2863 4058 aliud
2884 4004 3032 4075 quod
3057 4003 3138 4059 eis
3159 4008 3331 4059 totum
3352 4004 3564 4064 fiducia:

1971 4093 2126 4149 tollat
2157 4093 2433 4149 solatium.
2458 4092 2599 4148 Dicit
2629 4092 2807 4147 enim:
2843 4091 3161 4162 Inter/Sciet
3191 4098 3245 4149 te
3291 4095 3563 4153 Dominus

1977 4193 2119 4247 Deus
2139 4195 2271 4247 tuus
2284 4191 2421 4262 (ibid
2429 4191 2485 4261 .).
2511 4190 2615 4260 Qui
2636 4189 2962 4246 interficitur
2972 4206 3315 4263 nequaquam
3338 4193 3562 4251 ulterius

1974 4280 2121 4350 quod
2153 4279 2323 4335 fuerat
2354 4288 2648 4350 reparatur.
2672 4277 2775 4347 Qui
2803 4280 2969 4351 igitur
2997 4279 3050 4334 in
3079 4278 3399 4337 inﬁdelitate
3433 4299 3563 4353 per-

1976 4369 2296 4434 manebunt,
2333 4369 2578 4439 reparari
2609 4384 2717 4424 non
2746 4376 3016 4438 poterunt.
3037 4369 3153 4425 Hoc
3168 4369 3237 4425 de
3254 4369 3560 4427 infidelibus

1976 4466 2141 4530 dicto,
2175 4467 2245 4521 de
2277 4466 2563 4523 creditoris
2592 4465 2803 4533 subjicit
2831 4465 2905 4519 ita
2945 4481 2959 4518 :
2998 4467 3068 4522 Et
3124 4468 3337 4523 vocabit
3378 4485 3563 4527 servos

270 4554 577 4639 Christum;
595 4585 647 4632 et
677 4577 870 4634 conﬁsi
899 4587 1022 4633 sunt
1052 4579 1106 4633 in
1153 4554 1337 4633 verbis
1393 4554 1681 4634 doctorum
1738 4591 1863 4631 suo-
1892 4590 1945 4652 D
2123 4556 2481 4652 ".Ominfﬁlfo
2509 4555 2712 4652 (ib-549°
2770 4554 2932 4652 cu“:
2961 4555 3106 4652 θΡίξη
3153 4557 3308 4652 ,δθῗῗί
3344 4557 3564 4652 luerim

272 4681 413 4719 rum.
441 4665 706 4721 Coutritio
729 4673 908 4721 autem
933 4682 1033 4736 pro
1054 4668 1160 4721 isto
1182 4666 1261 4721 eis
1301 4674 1565 4721 eventura
1622 4672 1862 4749 peccato,

276 4777 433 4832 quam
463 4761 532 4817 sit
560 4763 700 4818 dura
728 4762 1040 4819 considera.
1078 4763 1302 4819 Eveniet
1333 4763 1499 4829 enim,
1544 4761 1737 4832 inquit,
1787 4760 1867 4815 eis

272 4848 596 4921 interruptio
622 4853 822 4919 subita,
844 4852 1076 4924 ideoque
1103 4852 1276 4925 magis
1296 4852 1506 4912 nociva,
1534 4859 1586 4905 et
1607 4850 1678 4905 de
1715 4863 1868 4903 muro

277 4939 516 5006 excelso,
552 4942 680 5012 quia
710 4941 989 5013 quodlibet
1033 4949 1184 4996 tanto
1232 4941 1404 5013 magis
1457 4939 1757 4996 conteritur
1813 4937 1869 4991 in

276 5036 403 5103 imo,
440 5045 640 5109 quanto
670 5038 738 5093 de
767 5038 985 5094 celsiori
1014 5039 1271 5095 ceciderit
1317 5038 1457 5093 loco.
1517 5037 1872 5106 Comparatur

279 5127 443 5181 etiam
475 5127 686 5198 legente
717 5125 867 5199 tiguli
897 5127 1244 5183 comminutae
1282 5126 1534 5184 contritio
1579 5125 1704 5190 ista,
1746 5112 1869 5177 tan;

279 5222 437 5287 taque
466 5226 522 5270 ut
551 5215 750 5272 dicitur
779 5216 901 5279 erit,
932 5217 1081 5287 quod
1119 5218 1189 5273 de
1226 5217 1342 5285 ejus
1373 5215 1741 5274 contractione
1770 5227 1872 5268 nec

278 5319 415 5369 testa
444 5315 764 5370 remanebit.
798 5314 990 5371 Omnis
1020 5315 1220 5387 quippe
1249 5315 1396 5370 vasis
1451 5315 1702 5378 fractura,
1735 5311 1872 5366 soli-

279 5402 415 5469 dari,
447 5410 499 5458 et
526 5404 582 5458 in
609 5404 825 5477 aliquod
857 5420 994 5475 opus
1023 5403 1153 5459 utile
1183 5412 1363 5475 potest
1408 5402 1607 5474 redigi,
1656 5400 1872 5456 testula:

279 5498 454 5547 autem
487 5508 580 5547 vas
608 5492 655 5547 si
686 5493 1082 5565 confringatur,
1114 5492 1442 5549 contritione
1474 5491 1650 5546 valida
1684 5497 1871 5561 partes

284 5589 398 5657 ejus
427 5588 495 5642 ad
526 5588 659 5643 nihil
689 5588 848 5645 utiles
876 5605 999 5645 esse
1028 5594 1259 5660 possunt
1290 5603 1302 5643 :
1335 5596 1389 5644 et
1410 5602 1516 5659 quo
1538 5585 1713 5658 magis
1732 5591 1874 5639 testa

288 5686 541 5750 quassata
568 5679 745 5743 durat,
776 5685 922 5734 tanto
944 5694 1168 5749 semper
1194 5686 1425 5749 augetur
1449 5676 1704 5732 fractura.
1737 5673 1873 5728 Cum

283 5780 465 5851 itaque
497 5777 586 5831 tali
619 5786 768 5833 testae
798 5793 987 5832 eorum
1017 5776 1274 5833 contritio
1327 5782 1691 5846 comparetur,
1753 5787 1872 5842 quae

285 5893 386 5936 nec
411 5876 483 5935 ad
509 5872 696 5948 ignem
722 5875 795 5933 de
824 5875 1083 5934 incendio
1112 5875 1428 5944 tollendum,
1460 5888 1564 5931 nec
1582 5871 1652 5929 ad
1679 5884 1873 5943 aquam

1975 4643 2190 4710 Christi,
2233 4660 2263 4698 a
2302 4644 2519 4700 Christo
2569 4643 2822 4700 dicentur
2876 4642 3170 4699 Christiani
3226 4645 3381 4715 (lci.
3443 4649 3552 4719 χι).

1975 4741 2131 4811 Quod
2162 4750 2342 4798 autem
2372 4742 2633 4815 sequitur,
2666 4746 2724 4797 et
2743 4741 3050 4798 dimittatis
3078 4759 3286 4800 nomen
3314 4752 3563 4806 vestrum

1973 4834 2037 4887 in
2055 4832 2460 4902 juramentum
2479 4830 2858 4895 electismeis,
2892 4831 2996 4885 tale
3049 4838 3137 4887 est
3188 4847 3253 4887 ac
3306 4834 3353 4888 si
3408 4836 3561 4894 dice-

1975 4928 2059 4977 ret
2086 4938 2099 4976 :
2131 4920 2395 4975 Jurabunt
2422 4919 2710 4975 electimei
2739 4919 2795 4973 in
2841 4935 3044 4975 nomen
3101 4928 3365 4989 vestrum,
3422 4926 3566 4985 sicut

1976 5018 2137 5073 hodie
2167 5033 2346 5090 usque
2371 5034 2402 5072 a
2432 5016 2751 5072 Christianis
2775 5017 3012 5085 jurando
3037 5017 3253 5086 dicitur,
3283 5035 3411 5076 cum
3463 5023 3562 5079 alio

1976 5107 2104 5181 quid
2136 5107 2287 5178 quod
2318 5107 2506 5162 nolunt
2540 5105 2719 5162 facere
2757 5114 3017 5177 rogantur
3047 5123 3059 5162 :
3123 5130 3146 5155 σι
3181 5108 3403 5166 Judaus
3457 5112 3562 5168 sim

1976 5213 2102 5269 ego,
2137 5197 2182 5251 si
2212 5194 2430 5251 faciam.
2468 5218 2490 5244 ιι
2524 5194 2675 5250 Idem
2705 5195 2882 5264 ipsum
2912 5198 3079 5251 Amos
3094 5198 3358 5267 prepheta
3374 5211 3563 5271 aperte

1977 5294 2297 5365 comprobat
2326 5292 2550 5347 dicens:
2593 5289 2795 5345 Audite
2833 5290 3055 5346 verbum
3092 5291 3253 5348 istud
3285 5294 3430 5367 quod
3466 5313 3562 5369 ego

1980 5383 2096 5440 levo
2114 5398 2284 5455 super
2314 5398 2403 5437 vos
2429 5381 2747 5453 planctum,
2768 5379 2965 5435 domus
2980 5380 3176 5436 Israel.
3196 5383 3428 5452 Cecidit,
3443 5402 3561 5445 non

1978 5472 2209 5543 adjiciet
2237 5474 2303 5527 ut
2317 5475 2577 5540 resurgat
2599 5469 2750 5540 virgo
2766 5466 2964 5524 Israel.
2984 5470 3246 5540 Projecta
3260 5477 3344 5528 est
3368 5474 3431 5530 in
3447 5480 3554 5533 ter-

1977 5588 2103 5626 ram
2119 5585 2424 5634 suam,non
2438 5572 2524 5623 est
2540 5568 2635 5637 qui
2649 5566 2886 5623 suscitet
2920 5582 3046 5623 eam
3080 5567 3289 5636 (Amos.
3319 5571 3396 5640 v).
3431 5573 3568 5630 Item

1972 5656 2100 5731 ipse
2114 5659 2258 5715 alibi:
2284 5657 2441 5715 Venit
2449 5657 2583 5726 ﬁnis
2594 5672 2761 5729 super
2769 5656 3040 5727 pepulum
3052 5673 3239 5713 meum
3255 5659 3569 5726 Israel,non

1980 5771 2247 5842 adjiciam
2258 5767 2416 5823 ultra
2430 5768 2493 5821 ut
2505 5766 2901 5837 pertranseam
2910 5778 3039 5819 eum
3050 5765 3576 5837 (Amos,vm).Quod

1981 5878 2267 5940 utrumque
2295 5862 2451 5921 vobis
2464 5877 2623 5935 spem
2642 5857 2910 5917 evadendi
2926 5860 3300 5933 captivitatem
3319 5859 3570 5919 funditus
