3966 6418
500 353 604 410 579
1428 353 1645 411 PETRI
1682 356 2027 415 ALPHONSI
2066 358 2165 416 EX
2202 360 2442 423 JUDIEO
2480 368 2853 428 CHRISTIAN
3706 382 3823 437 580

496 480 652 575 ton“:
686 479 811 551 Ῐρεθ
840 478 1002 575 dif“)
1024 479 1130 535 Ῑιοο
1150 477 1351 575 ηξξίιυῐη
1374 479 1532 575 νοιξξα
1565 489 1788 575 Ριᾯριέτ
1820 482 2092 575 (Ξὶπίεγῐιιω
2120 490 2176 550 Α
2281 489 2522 547 Ρετιιυε.
2559 494 2687 549 Jure
2715 495 2882 566 igitur
2917 513 3048 568 pars
3085 498 3250 555 totius
3304 500 3465 557 debet
3515 505 3821 575 suscipere

497 571 750 627 evenisse
799 569 1111 633 confirmat,
1171 568 1394 623 dicens:
1450 570 1576 624 Haec
1622 570 1763 625 dicit
1812 569 2101 629 Dominus
2210 591 2430 635 nomen.
2457 582 2553 635 Est
2575 590 2626 636 et
2646 582 2750 637 alia
2772 601 2878 639 non
2902 585 3128 643 inferior
3146 603 3311 643 causa
3361 590 3484 662 quia
3540 568 3819 650 videlicet

495 661 673 717 Deus:
695 661 873 733 Super
888 659 1065 715 tribus
1081 657 1381 713 sceleribus
1402 657 2101 734 Israel,etsuperquatuor
2206 665 2379 722 Israel
2410 670 2642 740 p0pulus
2670 671 2794 727 licet
2815 681 2943 731 tunc
2964 677 3120 731 morti
3150 693 3255 733 non
3285 657 3513 749 corpore
3544 698 3813 752 praesens

496 775 613 817 ποη
634 761 961 816 convertam
982 771 1238 848 εαυξνρτο
1255 770 1321 810 ευ
1340 756 1824 848 ςᾳοᾴίυεηάίάενὶι
1859 760 2095 848 iustum,
2204 762 2489 833 adfuisset,
2520 768 2702 824 audito
2732 778 2909 827 tamen
2940 773 3086 845 quod
3115 790 3303 831 eorum
3346 776 3586 833 fecerant
3632 781 3803 848 socii,

497 853 996 923 etpauperem,pro
1019 845 1745 940 calceameutis(Amor-Ii).
1767 848 1879 940 [Ioc
1900 846 1954 901 in
1978 847 2097 905 loco
2203 862 2485 909 consortes
2517 857 2710 927 culpae,
2747 857 3057 917 laudatores
3084 870 3136 917 et
3163 866 3528 932 consentanei,
3562 875 3616 923 et
3656 845 3807 940 par;

495 943 737 1013 quatuor
755 951 856 1009 pro
878 937 1077 1008 quarto
1094 932 1292 1003 posuit,
1308 931 1563 1005 idemque
1582 932 1898 1030 fuitdixisse
1926 953 2097 1010 super
2203 939 2396 1013 ticipes
2432 946 2652 1001 omnino
2673 945 2797 1003 facti
2828 957 2961 1004 sunt
2990 950 3295 1007 voluntatis.
3319 931 3570 1011 Voluntas
3596 931 3801 1030 itaque

491 1040 754 1108 quatuor,
775 1048 936 1106 quam
967 1030 1012 1085 si
1029 1030 1257 1086 dixisset
1290 1045 1462 1103 super
1494 1034 1714 1102 quarto.
1749 1027 1887 1086 Huic
1917 1030 2094 1086 simile
2202 1028 2408 1101 eis'pro
2438 1030 2579 1087 facto
2609 1042 2691 1089 est
2721 1037 3047 1106 reputanda.

495 1125 763 1182 Salomon
794 1120 1060 1193 perhibet.
1093 1119 1181 1173 Ait
1210 1118 1376 1185 enim,
1427 1119 1726 1173 secundum
1786 1118 1932 1189 quod
1987 1120 2094 1174 He-
2270 1128 2523 1185 Movsas.
2564 1130 2630 1185 Et
2660 1131 2798 1188 sicut
2826 1133 2963 1190 dicis
2993 1136 3067 1189 ita
3101 1152 3224 1193 esse
3252 1139 3569 1207 concedam.
3602 1144 3789 1198 tamen

491 1215 762 1270 braeorum
795 1210 921 1265 libri
939 1215 1242 1265 testantur:
1270 1209 1398 1264 Tria
1422 1212 1557 1264 sunt
1578 1208 1843 1280 difﬁcilia
1859 1210 2018 1277 mihi,
2035 1214 2093 1266 et
2198 1216 2345 1287 quod
2370 1217 2510 1273 liber
2539 1219 2611 1274 ait
2642 1221 2787 1293 quod
2817 1239 2918 1293 pro
2942 1223 3090 1293 justo
3119 1226 3337 1282 vendito
3366 1229 3468 1285 hoc
3513 1229 3593 1284 eis
3635 1231 3795 1288 acci-

487 1317 751 1388 quatuor,
773 1326 895 1384 quae
927 1306 1160 1381 penitus
1192 1309 1385 1380 ignoro
1400 1306 1551 1374 (Pro.
1586 1308 1748 1379 xxx).
1785 1307 1839 1364 Si
1871 1308 1975 1363 tria
2002 1308 2091 1364 hic
2196 1303 2358 1369 derit,
2382 1307 2450 1362 ad
2474 1306 2641 1364 Israel
2668 1326 2831 1381 posse
2860 1313 3129 1382 pertinere
3159 1330 3267 1371 non
3297 1317 3474 1373 video.
3500 1318 3609 1389 Ipsi
3639 1321 3791 1375 enim

484 1418 582 1474 per
610 1416 691 1466 se,
721 1407 774 1454 et
806 1406 1041 1470 quatuor
1063 1412 1164 1466 per
1191 1412 1251 1451 se
1296 1394 1602 1464 intelligere
1658 1395 1816 1466 velis,
1879 1406 2087 1469 septem
2196 1403 2475 1461 Christum
2506 1424 2668 1479 quem
2698 1408 2855 1475 dicis,
2887 1427 2996 1467 non
3044 1413 3373 1481 vendidisse,
3426 1415 3524 1472 sed
3578 1424 3791 1474 tantum

486 1491 635 1547 δεοί-
666 1490 791 1560 IPse
820 1495 999 1542 amem
1021 1502 1129 1540 ηοη
1162 1484 1270 1539 ηίδί
1299 1491 1528 1556 (ιυειιιιοτ
1557 1494 1825 1555 numeral,
1877 1502 1997 1558 quae
2027 1502 2087 1542 se
2195 1509 2229 1549 a
2255 1494 2394 1550 Juda
2410 1497 2672 1554 Iscariote
2696 1498 2954 1572 leguntur
2982 1502 3181 1558 emisse
3203 1503 3421 1574 (Matth.
3453 1522 3586 1562 xxvi
3607 1526 3621 1571 ;
3642 1507 3787 1563 Luc.

482 1589 770 1662 ignorasse
802 1584 1069 1639 insinuat.
1110 1583 1261 1654 Ergo
1312 1592 1528 1653 Oportet
1576 1591 1632 1637 ut
1690 1587 1934 1655 quatuor
1988 1599 2086 1654 pro
2193 1598 2353 1648 xxu;
2389 1586 2557 1644 Marc.
2589 1588 2687 1653 IV).

482 1681 685 1753 θυατίο
715 1674 1064 1745 θεοίβίθηιυε·
1100 1672 1189 1727 δίο
1218 1679 1271 1727 et
1301 1672 1357 1726 ίη
1390 1673 1497 1728 hoc
1527 1671 1799 1744 Propheta
1831 1682 1913 1726 est
1947 1672 2082 1728 aCCi'
2264 1681 2508 1740 PETRUS.
2569 1684 2816 1757 Objectio
2888 1694 2979 1744 tua
3038 1706 3179 1745 nuna
3239 1691 3460 1748 rationis
3540 1694 3792 1750 innititur

480 1767 742 1841 piandus.
782 1765 898 1819 Hoc
926 1770 1104 1817 autem
1138 1769 1385 1833 quartum
1419 1762 1600 1817 scelus
1656 1769 1761 1827 est,
1823 1769 1881 1815 ut
1937 1760 2159 1849 illico“
2190 1772 2448 1837 anchora,
2501 1775 2624 1846 quia
2701 1777 2791 1849 qui
2863 1786 2921 1832 ut
2976 1779 3219 1835 Christus
3275 1781 3600 1839 vendantur
3645 1799 3789 1840 con-

479 1837 679 1935 subdit,
703 1867 837 1937 quia
857 1862 1233 1919 vendiderunt
1255 1865 1486 1933 argento
1498 1862 1727 1945 justum
1773 1861 1955 1926 (Amos
1981 1863 2068 1933 ιι).
2111 1837 2162 1896 Β
2192 1876 2411 1916 sensum
2432 1837 2799 1937 ausiliumque
2832 1868 3213 1935 adhibuerunt,
3245 1886 3354 1925 non
3398 1837 3585 1927 minus
3622 1837 3788 1945 quam

479 1950 655 2021 Quem
684 1949 890 2005 scilicet
912 1949 1138 2018 justum,
1172 1945 1446 2001 Christum
1478 1944 1704 2016 intelligi
1735 1946 2006 1999 convenit.

2190 1960 2235 2015 si
2264 1961 2373 2032 ipsi
2406 1964 2782 2019 vendidissent
2811 1965 2992 2020 scelus
3019 1967 3359 2024 incurrerunt
3378 1971 3550 2036 (Rom.
3584 1973 3789 2042 1).Ne-

546 2050 797 2105 MOYSES~
839 2046 1045 2100 Idonea
1074 2052 1125 2099 et
1156 2043 1325 2115 digna
1356 2042 1517 2097 Ῑαυάθ
1550 2043 1655 2097 huc
1668 2058 1839 2113 usque
1863 2042 2080 2098 dixeras
2188 2065 2293 2118 que
2319 2049 2465 2106 enim
2496 2064 2547 2106 et
2572 2052 2829 2108 Salomon
2854 2055 2996 2110 idola
3033 2054 3339 2124 fabricavit,
3363 2057 3461 2113 sed
3490 2060 3617 2131 quia
3638 2076 3780 2116 uxo-

476 2138 679 2207 οωῐλίεν
712 2135 818 2191 ηίδί
875 2136 1016 2189 hanc
1071 2131 1473 2187 ίηίτοάυκίεεθδ
1501 2132 1900 2198 θυοῐοτίῑθῖθωι
1960 2148 2081 2203 qua?
2188 2138 2339 2193 ribus
2358 2148 2410 2194 et
2438 2142 2757 2197 concubinis
2790 2142 3187 2200 fabricantibus
3216 2162 3499 2202 assensum
3520 2150 3781 2219 praebuit,

473 2227 626 2284 nulla
654 2224 908 2283 consistit
936 2223 1169 2288 ratione,
1202 2220 1477 2292 praecipue
1507 2236 1628 2276 cum
1677 2221 1845 2275 multa
1892 2228 2079 2276 contra
2187 2243 2309 2282 eum
2341 2228 2633 2286 fabricasse
2663 2231 2842 2287 littera
2869 2233 2999 2289 dicit
3028 2234 3135 2305 (ΙΙΙ
3161 2236 3285 2307 Reg.
3318 2238 3429 2305 χι).

472 2327 578 2383 hoc
609 2324 777 2396 objici
808 2322 1020 2394 possint
1047 2321 1303 2375 adversa.
1326 2320 1516 2374 Plures
1547 2319 1691 2374 enim
1713 2328 1838 2374 ante
1861 2327 1914 2374 te
1933 2326 2080 2374 vete-
2256 2326 2505 2383 Morsas.
2542 2328 2686 2383 Licet
2723 2328 2777 2383 in
2810 2331 3134 2401 supradictis
3158 2348 3343 2387 verum
3375 2332 3539 2389 fatear
3582 2344 3637 2390 ιε
3691 2336 3782 2391 ἀί-

473 2439 567 2479 res
596 2424 741 2478 hunc
770 2418 1021 2475 eumdem
1052 2415 1383 2472 versiculum
1417 2424 1607 2470 contra
1637 2414 1857 2470 Iudaeos
1887 2414 1941 2468 in
1991 2422 2076 2470 te-
2185 2412 2350 2479 xisse,
2386 2417 2530 2471 nulla
2560 2426 2741 2473 tamen
2775 2421 3074 2476 necessitas
3115 2437 3208 2477 me
3267 2422 3413 2495 cogit
3467 2425 3778 2481 concedere

474 2510 790 2568 stimonium
821 2507 1099 2580 protulere
1126 2504 1460 2577 frequenter,
1487 2504 1584 2559 sed
1607 2503 1757 2559 nulla
1775 2503 1941 2559 tutari
1972 2519 2075 2575 po—
2182 2504 2328 2560 hunc
2349 2506 2554 2574 justum
2579 2507 2852 2563 Christum
2874 2508 3104 2582 intelligi
3122 2519 3391 2583 oportere,
3420 2528 3541 2567 cum
3568 2512 3780 2585 Joseph

471 2617 687 2665 tuerunt
717 2608 956 2664 ratione.
995 2604 1102 2660 Sed
1130 2612 1182 2658 te
1237 2601 1565 2674 prudentem
1617 2602 1787 2656 virum
1843 2602 2075 2658 maxime
2184 2618 2320 2658 sano
2348 2603 2623 2661 intellectu
2655 2606 2849 2662 debeat
2878 2607 3073 2678 accipi,
3107 2625 3267 2681 quem
3299 2608 3491 2667 fratres
3544 2610 3627 2666 sui
3685 2612 3780 2666 tri-

472 2699 647 2755 miror
675 2706 786 2753 tam
818 2695 981 2751 vilem
1013 2691 1376 2748 introduxisse
1406 2691 1693 2755 rationem,
1720 2707 1841 2762 quae
1868 2691 2074 2745 nullius
2181 2692 2331 2765 ginta
2356 2695 2633 2766 argenteis
2662 2696 2966 2752 vendidere
3001 2698 3167 2767 (Gen.
3203 2709 3451 2769 xxxvu.)

471 2786 748 2844 ﬁrmitatis
771 2784 1120 2841 fundamento
1149 2781 1368 2846 insidat,
1404 2779 1703 2848 praesertim
1736 2795 1860 2835 cum
1889 2781 2073 2836 omnia
2252 2783 2500 2839 Ps'rnus.
2541 2784 2596 2839 Si
2624 2786 2831 2855 Ioseph
2885 2787 3148 2842 voluisset
3202 2788 3431 2861 intelligi
3479 2790 3766 2860 prOpheta,

472 2902 596 2960 quas
625 2890 816 2942 contra
850 2883 958 2939 hoc
987 2882 1093 2937 dici
1127 2880 1357 2945 valeant,
1391 2878 1508 2949 ipse
1536 2878 1740 2949 optime
1770 2878 1935 2934 scias.
2180 2896 2278 2950 per
2300 2881 2524 2950 justum,
2558 2899 2665 2939 non
2698 2893 2967 2955 quartum,
3002 2886 3099 2941 sed
3130 2887 3307 2957 potius
3335 2888 3562 2958 primum
3595 2889 3774 2944 dixis—

545 2978 781 3031 Penus.
816 2971 1185 3028 Considerans
1213 2984 1406 3025 omnes
1438 2967 1530 3040 qui
1561 2976 1690 3023 ante
1721 2984 1809 3023 me
1840 2968 1979 3022 hanc
2017 2967 2069 3021 in
2180 2978 2263 3026 set
2292 2980 2591 3041 peccatum.
2626 2972 2763 3028 Illud
2781 2974 2926 3029 enim
2954 2975 3102 3045 prius
3132 2977 3460 3033 commisere
3488 2978 3766 3045 delictum,

466 3064 686 3121 Iudaeos
716 3071 862 3119 recte
894 3060 1113 3132 quidem
1172 3057 1458 3113 induxisse
1514 3056 1909 3122 auctoritatem.
1972 3056 2070 3112 sed
2178 3068 2405 3130 prOpter
2435 3062 2581 3133 quod
2612 3070 2800 3131 postea
2833 3064 3132 3120 Pharaonis
3161 3074 3287 3120 sunt
3329 3066 3472 3136 passi
3524 3066 3767 3121 durissi-

466 3162 728 3220 Judaicas
758 3160 1099 3231 objectiones
1122 3171 1229 3212 non
1261 3154 1590 3253 sufficienter
1622 3169 1725 3210 nec
1755 3163 1943 3266 aperle
1974 3154 2069 3209 de-
2097 3202 2146 3266 Ο
2166 3144 2524 3222 ιηιπηὶιιειιηι
2552 3151 2753 3221 (Exod.
2780 3154 2898 3222 xu).
2919 3154 3029 3210 Sed
3045 3171 3170 3211 cum
3191 3155 3501 3227 poenitentia
3520 3164 3761 3228 peracta,

2171 3245 2289 3319 jam
2319 3247 2428 3301 sint
2449 3248 2667 3304 liberati
2700 3267 2732 3305 a
2762 3267 2941 3321 pcena,
2974 3269 3142 3325 quare
3198 3252 3268 3309 de
3314 3254 3520 3309 indulto
3576 3271 3764 3311 rursus

465 3252 731 3309 struxisse
747 3250 1025 3314 dicuntur,
1044 3262 1111 3302 ex
1129 3243 1464 3300 industriain
1489 3243 1742 3315 praesenti
1766 3242 1888 3298 loco
1910 3258 2067 3298 eam-

464 3342 591 3398 dem
619 3339 826 3407 induxi,
859 3346 918 3392 ut
945 3352 1136 3393 omnes
1165 3350 1287 3406 quas
1314 3331 1431 3389 ﬁeri
1462 3340 1686 3404 possunt
1722 3331 2067 3403 obiectiones
2175 3336 2534 3393 criminentur
2563 3349 2791 3410 peccato
2818 3343 2847 3397 τ

463 3448 524 3498 ut
548 3439 743 3495 melius
770 3435 975 3509 poteris
1034 3432 1227 3500 facias,
1279 3440 1333 3487 et
1388 3446 1577 3487 earum
1637 3429 2065 3486 destructionem
2245 3435 2493 3491 Movsas.
2524 3437 2589 3493 Et
2620 3438 2664 3493 si
2695 3438 2993 3496 defendere
3022 3413 3238 3514 nequeo
3280 3441 3348 3497 de
3402 3443 3606 3513 Joseph
3654 3442 3760 3500 hoc

461 3537 665 3585 mutata
694 3528 814 3583 vice
853 3523 1149 3595 suscipias.
2173 3517 2369 3576 dictum
2398 3519 2590 3590 fuisse,
2624 3532 2857 3580 attamen
2888 3524 2958 3581 de
2982 3525 3091 3582 alio
3119 3526 3361 3599 quolibet
3379 3528 3525 3598 justo
3554 3527 3756 3584 dictum

530 3637 778 3693 Marsus.
810 3634 928 3689 Hoc
955 3630 1186 3703 primum
1205 3627 1392 3685 verbis
1441 3635 1591 3684 recte
1635 3626 1804 3699 objici
1861 3634 2060 3699 potest,
2173 3632 2300 3674 esse
2331 3636 2556 3690 possum
2587 3636 2863 3677 asserere.

459 3736 583 3810 quia
612 3736 800 3793 dicens
828 3733 1121 3805 propheta,
1151 3745 1324 3801 super
1346 3729 1525 3784 tribus
1544 3724 2058 3792 sceleribus,statim
2245 3722 2460 3778 Ps'raus
2510 3722 2797 3794 Indignum
2819 3741 2923 3781 nec
2937 3724 3256 3781 rationabile
3287 3743 3409 3783 esse
3433 3726 3663 3794 videtur,
3694 3734 3758 3782 ut

458 3825 754 3897 subjunxit,
786 3823 1081 3879 ostendens
1112 3819 1259 3891 quod
1316 3817 1483 3872 Israel
1533 3819 1634 3871 tria
1688 3816 1781 3870 illa
1835 3823 2062 3886 peccata
2168 3827 2296 3866 cum
2333 3819 2539 3867 tantum
2568 3813 2775 3868 crimen
2799 3814 2864 3868 sit
2894 3815 3038 3886 quod
3089 3815 3424 3888 indulgentia
3468 3816 3610 3870 nulla
3654 3834 3746 3872 se-

457 3914 816 3980 commiserit,
851 3912 1121 3968 Christum
1154 3917 1337 3964 autem
1382 3922 1543 3978 quem
1598 3921 1703 3961 vos
1754 3904 2059 3977 intelligere
2167 3910 2361 3972 quatur
2390 3910 2608 3972 propter
2636 3903 2779 3973 quod
2809 3903 2993 3959 divina
3016 3905 3279 3959 sententia
3300 3905 3353 3960 in
3386 3914 3551 3961 totum
3583 3907 3753 3962 Israe-

456 4016 640 4080 vultis,
673 4029 780 4068 non
813 4009 1008 4074 Israel,
1042 4008 1141 4063 sed
1169 4005 1305 4061 Juda
1335 4004 1560 4060 occidit.
2166 3996 2235 4054 lis
2264 3999 2545 4066 desaeviat,
2578 4001 2860 4070 populum,
2900 4001 3047 4057 illius
3087 4003 3298 4059 celetur
3355 4019 3419 4060 ac
3473 4003 3749 4075 ignoretur

527 4107 772 4160 Paraus.
803 4100 1023 4155 Nullum
1055 4106 1142 4153 tua
1173 4095 1407 4164 Objectio
1435 4093 1637 4166 ingerit
1692 4092 2056 4162 impedimen-
2164 4104 2402 4159 persona
2432 4089 2486 4143 in
2515 4106 2676 4162 quem
2709 4090 2840 4144 illud
2875 4090 2971 4145 fuit
3000 4091 3317 4158 admissum,
3348 4091 3569 4161 insuper
3624 4110 3743 4149 cum

454 4199 570 4252 tum
600 4192 749 4258 mihi,
781 4206 901 4248 cum
933 4187 1118 4245 omnia
1161 4183 1602 4257 frequentissime
1648 4190 1916 4239 testentur
1954 4197 2054 4237 vo-
2164 4187 2346 4232 reatus
2389 4178 2491 4233 iste
2551 4178 2606 4231 in
2664 4179 2895 4235 Hebraeo
2943 4197 3198 4237 sermone
3253 4182 3349 4236 tali
3416 4182 3749 4239 describatur

453 4292 662 4349 lumina
690 4304 791 4361 pro
816 4287 957 4343 Iuda
986 4285 1151 4340 Israel
1179 4283 1335 4355 poni.
2162 4274 2450 4341 vocabulo,
2481 4276 2642 4347 quale
2674 4276 2973 4347 imponitur
3002 4278 3079 4332 illi
3110 4278 3201 4350 qui
3229 4280 3509 4352 negaverit
3540 4281 3737 4336 Deum.

525 4387 773 4441 Movsss.
805 4383 877 4439 Ut
903 4381 1111 4437 asseris
1136 4378 1211 4433 ita
1238 4394 1363 4435 esse
1392 4380 1502 4434 non
1532 4375 1773 4450 ambigo.
1798 4374 1909 4432 Sed
1928 4389 2051 4431 cum
2161 4363 2413 4421 Venditio
2440 4373 2622 4420 autem
2653 4366 2828 4422 Judaei
2859 4382 2965 4423 nan
2998 4376 3245 4440 aequatur
3287 4368 3561 4439 negationi
3613 4370 3736 4425 Dei.

452 4482 743 4550 peccatum
788 4471 933 4527 Juda
988 4485 1154 4541 supra
1208 4467 1478 4536 retulerit,
1526 4474 1580 4523 et
1644 4470 2052 4536 consequenter
2159 4452 2269 4509 Sed
2300 4453 2406 4525 ipsi
2462 4455 2627 4511 talem
2691 4471 2755 4512 ac
2807 4463 3014 4511 tantum
3065 4456 3428 4513 vendiderunt
3476 4458 3741 4515 hominem

452 4563 673 4622 Israelis
693 4569 975 4636 peccatum
998 4558 1359 4628 subjunxerit,
1393 4555 1530 4613 satis
1571 4552 1867 4611 innotescit
1904 4553 2049 4626 quod
2075 4567 2129 4629 D
2158 4551 2430 4608 Christum
2460 4551 2721 4609 videlicet
2752 4552 2948 4608 Filium
2979 4552 3103 4623 Dei,
3136 4554 3281 4627 quod
3309 4555 3362 4609 in
3411 4554 3570 4627 culpa
3625 4564 3743 4612 sunt

449 4672 736 4738 peccatum
768 4658 940 4718 Israel
971 4674 1005 4713 a
1032 4663 1257 4729 peccato
1285 4654 1428 4710 Iuda
1458 4652 1608 4708 aliud
1639 4651 1736 4707 sit.
2159 4657 2324 4714 pares
2354 4642 2527 4697 Deum
2558 4649 2855 4715 negantes.

519 4756 759 4812 Pmus.
785 4751 905 4807 Nec
930 4750 1036 4804 hoc
1062 4763 1202 4803 mea
1234 4745 1418 4802 obstat
1471 4741 1691 4798 rationi.
1756 4741 2050 4797 Peccatum
2232 4738 2489 4793 Movsss.
2528 4736 2778 4808 Quatuor
2826 4738 2952 4794 volo
3005 4738 3262 4796 ostendas
3316 4747 3560 4811 peccata,
3619 4756 3735 4812 quae

449 4846 593 4903 enim
607 4842 754 4916 quod
768 4836 1145 4896 tantummodo
1167 4835 1309 4891 Juda
1332 4833 1557 4898 fecerat,
1593 4838 1878 4903 peccatum
1908 4827 2052 4884 Juda
2159 4837 2340 4894 omnia
2368 4844 2592 4906 pateant
2620 4836 2690 4891 ad
2722 4837 2894 4891 Deum
2922 4851 3126 4908 negare
3156 4853 3281 4893 esse
3310 4837 3560 4909 aqualis.

447 4942 706 5016 appellat,
737 4938 884 5011 quod
915 4944 1095 4992 autem
1149 4933 1291 4987 Juda
1344 4928 1506 4985 simul
1562 4927 1691 4985 fecit
1747 4935 1801 4983 et
1856 4925 2047 4994 Israel,
2231 4926 2473 4982 Penus.
2508 4924 2669 4994 Quod
2702 4925 2837 4980 liber
2865 4925 3031 4980 tacuit
3057 4942 3161 4998 ego
3190 4925 3729 4997 nescioaperire,sed

446 5040 737 5105 peccatum
766 5035 996 5083 vocatur
1024 5022 1221 5078 Israel.
2159 5026 2386 5082 forsitan
2416 5026 2653 5093 primum
2684 5024 2784 5080 fuit
2810 5033 3113 5095 peccatum,
3148 5042 3270 5082 cum
3300 5025 3353 5080 in
3384 5040 3567 5081 eremo
3593 5025 3733 5081 vitu-

518 5130 757 5185 Movsas.
794 5124 930 5181 Cum
964 5120 1184 5178 Israelis
1227 5116 1464 5190 populus
1512 5122 1656 5171 totus
1708 5130 1807 5185 per
1857 5128 2047 5169 omnes
2157 5115 2270 5172 lum
2296 5115 2626 5172 conflatilem
2655 5130 2756 5185 pro
2789 5115 2902 5170 Deo
2932 5114 3224 5170 adorarunt
3270 5114 3471 5185 (Exod.
3526 5115 3723 5181 χχιιι),

445 5224 623 5271 terras
643 5212 872 5274 divisus,
904 5206 1253 5262 Hierusalem
1284 5212 1488 5258 terram
1511 5215 1855 5272 nequaquam
1901 5199 2048 5255 inco-
2156 5204 2211 5260 in
2245 5221 2354 5278 quo
2385 5204 2531 5261 facto
2561 5204 2695 5259 satis
2725 5220 2910 5259 verum
2945 5205 3113 5259 Deum
3147 5210 3500 5276 negaverunt,
3536 5212 3592 5257 et
3617 5203 3730 5274 quia

445 5305 582 5361 leret
610 5304 718 5358 illis
751 5296 1104 5369 temporibus,
1145 5309 1382 5367 quonam
1413 5291 1577 5348 modo
1619 5288 1813 5347 mortis
1841 5288 2045 5345 Christi

2171 5318 2259 5360 100
2288 5311 2573 5374 peccatum
2612 5302 2678 5356 ab
2721 5302 2981 5357 omnibus
3035 5310 3118 5357 est
3173 5308 3554 5371 perpetratum,
3611 5299 3726 5356 ideo

443 5394 634 5450 haberi
663 5390 839 5462 potuit
868 5403 996 5443 reus
1025 5386 1055 5440 τ
2150 5408 2439 5449 commune
2470 5391 2567 5447 fuit
2596 5392 2864 5446 omnium.
2904 5390 3218 5447 Secundum
3273 5398 3356 5445 est
3408 5390 3464 5445 in
3520 5405 3624 5461 quo
3677 5397 3727 5445 et

513 5494 750 5547 Pmnns.
780 5485 1171 5557 Nunquidnam
1200 5497 1376 5555 negas
1420 5496 1544 5537 cum
1603 5479 1738 5535 Iuda
1784 5494 2043 5552 magnam
2150 5483 2325 5538 Deum
2357 5482 2607 5537 similiter
2637 5487 2997 5552 negaverunt,
3024 5488 3078 5535 et
3132 5495 3323 5535 omnes
3377 5477 3728 5535 communiter

445 5589 684 5646 ﬁliorum
716 5585 1002 5656 Benjamin
1027 5592 1084 5639 et
1109 5583 1240 5640 Levi
1285 5589 1498 5655 partem
1544 5588 1681 5637 tunc
1728 5579 2043 5652 Hierosoly-
2149 5587 2538 5651 peccaverunt,
2571 5579 2789 5652 quando
2819 5576 3073 5635 videlicet
3103 5576 3390 5633 Jeroboam
3426 5575 3617 5631 vitulos
3653 5574 3725 5630 si-

443 5681 548 5735 mis
577 5679 745 5735 fuisse
772 5679 802 5731 ‘t‘
2151 5670 2308 5727 miles
2338 5667 2640 5731 fabricavit,
2674 5671 2729 5724 et
2758 5667 2825 5724 ab
2882 5667 3136 5723 omnibus
3189 5664 3412 5722 adorari
3467 5663 3727 5722 constituit

513 5780 757 5833 Movsns.
789 5772 951 5844 Quod
979 5779 1184 5830 certum
1214 5768 1468 5830 omnibus
1495 5775 1600 5840 est,
1651 5782 1860 5844 negare
1917 5765 2039 5843 quis
2151 5759 2249 5830 (III
2274 5761 2403 5832 Reg.
2443 5758 2571 5829 xu).
2611 5758 2848 5813 Tertium
2878 5760 3063 5811 autem
3121 5772 3243 5812 cum
3282 5754 3381 5810 Dei
3443 5755 3724 5826 prophetas

443 5865 642 5922 audeat
664 5865 694 5919 τ
1826 5936 1835 5942 ,
2148 5855 2393 5916 universi
2421 5858 2612 5913 eadem
2642 5854 2921 5914 voluntate
2949 5853 3293 5923 occiderunt,
3315 5859 3568 5910 eteorum
3592 5851 3724 5909 dicta
