3966 6398
251 396 357 453 581

1769 389 2075 446 DIALOGI.

3450 398 3554 455 582

247 527 700 593 contempserunt
720 520 797 588 (II
812 520 944 576 Par.
976 518 1197 587 xxxvr).
1246 515 1511 585 Quartum
1534 530 1690 582 vero,
1710 515 1855 587 quod
1886 516 1940 575 A
1971 513 2104 569 Cum
2125 529 2258 585 ergo
2288 515 2434 572 Deus
2453 532 2514 571 se
2542 517 2851 575 occisurum
2881 518 3173 590 promittat,
3207 528 3264 576 et
3306 521 3554 580 viviﬁca-

249 621 436 690 majus
460 619 715 675 omnibus
742 624 825 672 est
845 624 896 672 et
938 614 1181 687 gravius,
1216 613 1364 686 quod
1394 629 1496 669 nec
1540 612 1752 670 veniale
1785 613 1863 668 di-

250 718 401 775 citur
429 732 572 784 esse,
604 715 823 788 quando
854 714 1125 769 Christum
1151 712 1248 766 Dei
1278 711 1477 766 Filium
1498 719 1551 767 et
1582 711 1860 767 hominem

260 806 338 861 ab
389 806 538 861 omni
594 804 800 876 peccati
847 801 1173 872 contagione
1229 800 1467 855 alienum
1527 801 1658 869 (lca.
1717 816 1859 871 Lm;

236 894 266 950 ι
301 897 459 952 Patr.
483 897 566 964 ιι),
596 894 780 965 inique
809 891 1182 954 vendiderunt,
1216 897 1269 944 et
1297 889 1494 958 injusta
1523 889 1862 945 condemna-

258 1002 460 1049 verunt
480 1006 640 1047 nece.
662 992 804 1046 Ecce
822 989 879 1044 in
897 989 1000 1044 hac
1024 987 1347 1043 auctoritate
1376 1001 1541 1058 quam
1569 987 1860 1043 adversum

257 1098 316 1145 te
348 1089 557 1156 induxi,
579 1095 776 1146 cuncta
795 1102 915 1160 qua:
966 1085 1210 1156 abjicere
1238 1084 1480 1155 potueris
1509 1084 1659 1141 nulla
1715 1092 1862 1141 stare

257 1188 466 1261 vigore
531 1184 784 1257 probavi,
817 1191 873 1239 et
901 1183 1118 1240 Christo
1146 1180 1540 1238 rationabiliter
1570 1182 1863 1239 convenire

258 1275 527 1333 conclusi.
561 1276 674 1330 Hac
720 1274 887 1347 igitur
909 1281 963 1328 et
991 1272 1245 1328 omnibus
1266 1271 1591 1342 supradictis
1620 1272 1863 1327 auctori-

260 1364 469 1421 tatibus
522 1364 578 1419 in
617 1361 937 1419 incanvulsa
964 1361 1211 1416 ﬁrmitate
1257 1359 1514 1427 fundatis,
1574 1360 1863 1432 probatum

259 1451 635 1510 indubitanter
662 1450 900 1507 arbitror
930 1466 1054 1506 esse
1067 1457 1175 1504 tam
1204 1448 1512 1521 longaevam
1528 1450 1669 1506 hanc
1685 1449 1861 1521 capti-

264 1549 492 1609 vitatem
513 1550 581 1606 ob
620 1548 822 1605 Christi
851 1555 1083 1603 mortem
1139 1555 1193 1603 et
1247 1546 1683 1603 malevolentiam
1740 1564 1863 1604 eve-

262 1648 437 1703 nisse.
486 1647 760 1703 Conclusa
807 1654 990 1702 autem
1019 1645 1165 1717 quod
1208 1653 1431 1715 prapter
1462 1644 1735 1700 Christum
1793 1645 1863 1700 sit

261 1736 549 1808 captivitas
579 1734 744 1802 facta,
777 1735 1127 1806 consequitur
1159 1733 1306 1804 quad
1335 1740 1391 1788 et
1423 1750 1521 1788 vas
1551 1733 1621 1788 de
1651 1748 1718 1789 ea
1746 1750 1855 1789 non

262 1825 507 1890 exibitis,
539 1824 715 1880 donec
763 1834 985 1895 patrum
1017 1831 1328 1878 vestrorum
1362 1822 1415 1876 in
1448 1822 1608 1877 vobis
1657 1839 1859 1893 pecca-

268 1923 386 1970 tum
417 1913 798 1978 emendabitis,
831 1911 973 1967 idem
997 1911 1140 1983 quod
1171 1927 1279 1966 non
1311 1911 1865 1967 credideruntcrede-

271 2004 368 2059 tis.
410 2002 672 2058 Mandata
716 2017 854 2056 vero
885 2008 1064 2055 mente
1112 2000 1431 2071 cujusquam
1462 2015 1494 2054 a
1521 2000 1701 2069 culpa,
1735 2016 1865 2057 can-

267 2091 454 2148 festim
490 2107 619 2146 eum
673 2097 1038 2161 consequetur
1065 2088 1241 2159 pietas
1271 2088 1478 2143 divina.
1516 2087 1673 2158 Quod
1705 2089 1864 2144 etiam

270 2190 498 2264 quidam
557 2189 842 2245 doctarum
873 2196 1179 2243 vestrorum
1227 2186 1474 2241 subtilius
1529 2195 1579 2242 et
1634 2186 1865 2243 occultis

267 2278 446 2335 valuit
497 2278 729 2349 exprimi
780 2277 985 2344 verbis,
1017 2276 1061 2331 si
1092 2283 1284 2330 vestrae
1340 2275 1471 2329 illud
1526 2283 1867 2347 penetrasset

268 2366 473 2423 duritia
527 2367 745 2421 mentis.
798 2366 1172 2437 Interrogatus
1231 2362 1375 2418 enim
1449 2364 1663 2435 quando
1721 2364 1866 2418 ﬁlius

271 2462 455 2518 David
488 2469 635 2518 esset
662 2468 944 2526 venturus,
973 2483 993 2508 α
1020 2458 1202 2525 hodie,
1226 2459 1317 2521 ait.
1353 2459 1401 2513 si
1422 2459 1607 2513 verbis
1626 2459 1870 2515 credide-

272 2551 393 2606 ritis
424 2551 567 2621 ejus.
613 2573 634 2598 υ
670 2548 767 2605 His
790 2548 935 2605 enim
955 2548 1137 2603 verbis
1167 2548 1397 2619 intelligi
1419 2547 1731 2620 deditquod
1753 2548 1869 2619 qui-

272 2665 496 2721 cunque
528 2647 721 2720 quavis
781 2648 913 2702 hara
943 2645 1211 2701 mandatis
1241 2645 1439 2700 Christi
1489 2646 1755 2701 obediens
1812 2654 1866 2702 et

273 2736 532 2793 credulus
590 2737 770 2805 fuerit,
804 2735 949 2791 illico
1005 2734 1105 2789 Dei
1134 2734 1299 2788 Filius
1346 2734 1411 2788 ad
1444 2750 1563 2788 eum
1619 2735 1856 2790 accedit.

271 2834 557 2889 Manifeste
587 2833 750 2887 etiam
807 2838 857 2886 et
891 2831 1094 2902 liquido
1137 2828 1233 2884 tibi
1265 2830 1427 2886 credo
1475 2840 1664 2900 patere
1723 2848 1867 2902 quae-

273 2940 490 2994 cunque
521 2938 625 2994 ego
648 2929 951 2977 vestrorum
975 2920 1244 2974 librarum
1277 2919 1503 2989 probavi
1534 2919 1864 2975 testimonio.

273 3013 484 3068 Mecum
515 3011 695 3082 igitur,
722 3010 912 3074 frater,
946 3008 1186 3076 ejusdem
1209 3008 1409 3063 Christi
1434 3007 1865 3063 misericordiam

277 3100 532 3171 implara,
566 3108 624 3154 ut
650 3100 814 3154 totius
841 3097 1091 3153 falsitatis
1123 3112 1306 3152 errore
1334 3097 1549 3151 sublata
1587 3104 1693 3151 tuae
1715 3113 1867 3152 men-

275 3197 343 3253 tis
374 3197 550 3254 aculis
574 3213 722 3252 νθιω
777 3194 905 3251 ﬁdei
926 3204 979 3250 et
1009 3197 1172 3250 totius
1202 3193 1455 3293 bonitatis
1511 3193 1864 3264 splendorem
1900 3228 1949 3292 Ο
1979 3228 2115 3293 deri,

272 3287 480 3357 pariter
508 3295 820 3341 etamorem
852 3284 1178 3348 infundat,et
1196 3291 1394 3340 rectam
1416 3281 1575 3338 ﬁdem
1597 3283 1651 3337 in
1681 3283 1863 3340 futuro

272 3374 443 3446 digna
473 3374 728 3431 mercede
758 3382 1094 3446 campenset,
1117 3381 1171 3428 ut
1198 3389 1297 3445 per
1316 3388 1437 3428 eam
1465 3372 1533 3428 de
1554 3372 1866 3444 captivitate

272 3487 456 3529 exeas.
489 3474 683 3527 Amen.

835 3559 1126 3616 TITULUS
1189 3559 1290 3616 III.

273 3658 348 3714 De
375 3660 557 3715 stulta
598 3659 923 3715 Iudaeorum
944 3658 1302 3729 confutanda
1323 3658 1675 3715 credulitate
1697 3675 1869 3732 super

342 3752 697 3805 mortuorum
736 3764 967 3803 suorum
1006 3749 1440 3811 resurrectione,
1475 3765 1608 3820 quos
1628 3750 1868 3804 credunt

344 3841 404 3893 et
428 3842 843 3894 resurrecturos
861 3852 997 3901 esse,
1030 3840 1086 3892 et
1106 3838 1314 3891 iterum
1343 3841 1558 3892 terram
1581 3839 1858 3893 incolere.

344 3943 592 4000 Marses.
614 3942 772 4012 Quod
801 3943 868 3997 ad
884 3950 1215 4015 praesentem
1239 3942 1493 4013 pertinuit
1511 3943 1869 4015 titulum,qu2e

277 4031 484 4087 scilicet
516 4041 723 4087 nostrae
754 4039 862 4086 tam
896 4033 1076 4105 longae
1106 4031 1433 4101 captivitatis
1488 4031 1647 4087 fuerit
1677 4049 1866 4096 causa,

280 4136 452 4193 quove
483 4121 648 4176 modo
665 4138 781 4176 eam
802 4121 1088 4176 valeamus
1102 4118 1362 4192 eﬁ‘ugere,
1380 4129 1571 4177 cuncta
1589 4139 1709 4194 quae
1723 4123 1790 4176 de
1804 4137 1871 4177 ea

277 4210 655 4281 Oportuitdici,
671 4210 1189 4282 inexpugnabilibus
1209 4218 1263 4265 et
1287 4210 1710 4265 evidentissimis
1738 4226 1868 4281 pro-

276 4298 414 4353 basti
444 4299 768 4369 rationibus,
799 4315 901 4354 nec
916 4298 1045 4370 quid
1077 4299 1144 4353 de
1162 4314 1225 4353 ea
1254 4298 1481 4353 ulterius
1501 4307 1588 4353 aut
1608 4299 1867 4354 dubitan-

278 4386 425 4450 dum,
461 4395 551 4442 aut
583 4389 935 4459 quaerendum
958 4387 1027 4441 sit
1056 4387 1540 4452 video,undeutad
1558 4388 1666 4443 alia
1698 4396 1873 4443 trans-

278 4484 657 4547 eamus,praut
687 4477 937 4547 superius
967 4484 1091 4531 sunt
1110 4476 1163 4530 in
1195 4477 1385 4532 ordine
1406 4477 1860 4549 digestaexapto.

278 4562 432 4633 Quod
460 4564 629 4636 igitur
655 4564 709 4619 in
724 4565 853 4619 libri
866 4580 965 4619 nos
981 4565 1206 4620 exordio
1224 4581 1415 4621 errare
1427 4565 1628 4632 dixisti,
1645 4582 1710 4622 eo
1724 4568 1883 4638 quod.
1893 4589 1951 4653 D

276 4660 398 4724 post
417 4652 742 4722 captivitatis
772 4652 1110 4722 evasianem,
1160 4653 1477 4708 inusitatum
1507 4654 1664 4710 nobis
1695 4654 1871 4711 mira-

278 4740 478 4808 culum,
512 4740 720 4797 scilicet
749 4750 996 4797 mortuas
1042 4742 1133 4813 qui
1168 4743 1347 4798 denuo
1379 4750 1549 4798 terras
1594 4744 1872 4800 inhabita-

278 4837 394 4885 rent
414 4828 723 4884 resuscitari
754 4844 786 4884 a
816 4831 933 4885 Dea
961 4831 1332 4898 crederemus,
1366 4847 1536 4904 quare
1559 4832 1613 4887 in
1633 4832 1737 4888 hac
1763 4831 1874 4888 ﬁde

278 4934 465 4975 errare
495 4918 589 4973 tibi
620 4919 921 4987 videamur,
953 4935 1170 4991 precor,
1197 4920 1434 4991 aperias.

348 5017 584 5072 Psraus.
617 5017 733 5073 Hoc
787 5017 1109 5073 miraculum
1166 5027 1384 5074 vosmet
1438 5019 1685 5075 asseritis
1742 5034 1869 5076 esse

278 5114 470 5179 praeter
498 5123 680 5161 usum.
713 5106 986 5177 Quidquid
1017 5116 1195 5163 autem
1211 5109 1871 5178 praetercansuetudinem

281 5195 476 5263 evenit,
507 5195 625 5250 sine
664 5197 989 5252 auctoritate
1017 5201 1109 5251 aut
1141 5198 1373 5263 ratione,
1406 5206 1703 5270 antequam
1735 5215 1871 5257 eve-

281 5292 391 5347 niat
412 5308 521 5347 non
550 5293 712 5349 debet
742 5294 1186 5351 credi.Errarem
1216 5295 1385 5368 igitur
1407 5295 1595 5365 judico
1618 5297 1868 5364 credere,

283 5389 422 5462 quod
455 5389 601 5444 nulla
622 5399 776 5462 potes
805 5392 1129 5448 auctoritate
1159 5394 1414 5463 probare.

346 5488 601 5544 Marses.
657 5490 773 5546 Hoc
802 5506 935 5547 sane
965 5491 1151 5546 multis
1180 5492 1596 5547 auctoritatibus
1636 5492 1873 5564 probare

280 5580 547 5637 valemus.
596 5583 760 5653 Moysi
793 5584 939 5641 enim
969 5587 1073 5642 hac
1104 5587 1363 5658 probatur
1420 5586 1727 5642 testimonia
1782 5586 1874 5641 di-

281 5680 450 5735 centis
478 5679 549 5734 ad
570 5680 829 5751 populum
846 5683 1014 5740 Israel
1046 5701 1060 5739 :
1098 5686 1281 5742 Videte
1297 5686 1439 5758 quod
1456 5700 1553 5757 ego
1567 5686 1676 5741 sim
1697 5685 1870 5743 solus.

281 5782 467 5835 etnon
492 5780 569 5834 sit
589 5777 740 5836 alius
756 5783 899 5838 Deus
910 5787 1127 5854 praeter
1145 5801 1255 5841 me.
1288 5784 1395 5855 Ego
1424 5784 1678 5840 occidam
1702 5784 1758 5839 et
1775 5798 1874 5853 ego

283 5876 464 5935 vivere
481 5876 1044 5951 faciam,percutiam
1054 5886 1113 5941 et
1130 5899 1228 5954 ego
1239 5883 1449 5945 satiabo
1465 5882 1652 5956 (Deut.
1669 5880 1868 5955 xxxix).

1894 1873 1947 1932 B

1969 610 2171 671 turum,
2205 620 2374 676 quare
2404 605 2501 661 tibi
2522 604 2661 663 ﬁdes
2682 615 2865 663 nostra
2898 625 3062 679 super
3087 610 3195 666 hac
3250 627 3310 667 re
3342 613 3556 669 videtur

1966 691 2300 761 abjicienda.

2041 781 2278 838 Psrnus.
2336 784 2644 840 Auctoritas
2687 786 2790 841 ista
2820 801 2854 841 a
2882 787 3105 843 rationis
3153 790 3427 845 exorbitat
3462 808 3558 849 se-

1969 869 2121 924 mita.
2156 872 2271 927 Hoc
2301 872 2443 926 enim
2478 874 2707 929 verbum
2734 874 2807 929 ad
2837 876 3233 933 ostendendam
3262 895 3413 936 suam
3435 897 3558 937 om-

1970 957 2327 1031 nipotentiam
2357 960 2507 1029 dicit,
2549 977 2659 1018 non
2705 964 2850 1036 quod
2906 964 3027 1035 ipse
3054 974 3268 1023 vestras
3315 977 3560 1026 mortuas

1973 1047 2335 1104 suscitaturus
2364 1049 2454 1104 sit.

2042 1145 2286 1202 Marses.
2319 1148 2365 1201 A
2390 1145 2491 1202 Die
2520 1164 2624 1219 qua
2666 1148 2814 1204 Deus
2842 1149 2947 1206 hoc
2975 1165 3035 1205 se
3065 1150 3329 1208 facturum
3350 1155 3559 1226 promi-

1972 1242 2061 1309 sit,
2085 1259 2259 1315 usque
2289 1244 2342 1298 in
2372 1254 2700 1316 praesentem
2722 1246 3154 1315 diem,cancedis
3173 1266 3296 1306 eum
3315 1251 3562 1325 atiquan-

1970 1340 2045 1396 da
2073 1342 2191 1398 haec
2214 1341 2408 1398 fecisse
2436 1343 2697 1400 miracula
2728 1346 2757 1398 ‘2

2043 1439 2286 1494 Psraus.
2347 1439 2546 1496 Omnia
2574 1441 2760 1514 utique
2788 1442 2940 1499 fecit.
2978 1446 3103 1515 Ipse
3131 1446 3278 1502 enim
3330 1448 3560 1504 Mariam

1971 1551 2215 1592 sororem
2248 1538 2417 1609 Moysi
2436 1540 2740 1612 praphetae,
2771 1542 2892 1606 Job,
2928 1543 3234 1613 Ezechiam,
3290 1545 3556 1616 Naaman,

1970 1632 2023 1680 et
2052 1626 2190 1682 alios
2221 1627 2570 1697 quamplures
2601 1643 2721 1685 cum
2758 1630 2929 1686 voluit
2956 1633 3246 1701 percussit,
3305 1649 3431 1689 cum
3459 1650 3561 1691 vo-

1969 1721 2066 1776 luit
2095 1724 2522 1795 sanavit(Num.
2547 1740 2630 1778 xu
2664 1738 2677 1792 ;
2710 1726 2826 1782 Job.
2859 1741 2943 1779 xu
2975 1745 2989 1793 ;
3024 1729 3101 1783 ιν
3125 1730 3258 1801 Reg.
3289 1745 3351 1783 ιιι
3382 1744 3395 1799 ;
3428 1731 3549 1800 xx).

1973 1822 2104 1877 Item
2137 1822 2254 1893 ipse
2303 1824 2359 1877 in
2389 1840 2496 1879 una
2526 1833 2682 1880 nocte
2730 1822 2915 1881 omnia
2961 1827 3330 1901 primogenita
3379 1830 3562 1902 {Egy-

1975 1912 2049 1981 pti
2077 1912 2341 1968 interfecit
2362 1914 2566 1983 (Exod.
2606 1916 2733 1984 χιι),
2767 1922 2819 1969 et
2848 1916 2955 1970 sub
2974 1916 3132 1971 unius
3146 1918 3322 1972 noctis
3383 1919 3559 1988 spatio

1974 2009 2027 2063 in
2056 2011 2247 2065 castris
2278 2011 2651 2067 Sennacherib
2706 2022 2928 2068 centum
2987 2014 3265 2088 octoginta
3321 2018 3562 2088 quinque

1972 2107 2143 2162 millia
2175 2108 2374 2163 accidit
2396 2110 2487 2180 (IV
2505 2112 2632 2182 Reg.
2684 2112 2833 2181 χιχ).
2898 2111 3006 2166 Sed
3051 2112 3196 2166 idem
3226 2129 3255 2168 e
3285 2113 3562 2170 contraria

1974 2202 2027 2258 in
2055 2222 2220 2259 manu
2247 2206 2379 2263 Elia;
2408 2206 2578 2262 ﬁlium
2609 2207 2792 2264 vidum
2822 2209 3068 2282 (lfIReg.
3092 2211 3254 2281 xv"),
3286 2211 3341 2265 in
3397 2226 3559 2266 manu

1975 2315 2159 2361 autem
2188 2304 2371 2360 Elisaei
2390 2304 2683 2360 Sunamitis
2706 2303 2870 2359 ﬁlium
2889 2307 3170 2363 suscitavit
3199 2308 3290 2376 (IV
3304 2311 3429 2380 Reg.
3454 2308 3559 2382 tv).

2044 2403 2296 2456 Marses.
2322 2399 2778 2472 Quandoquidem
2801 2418 2923 2457 eum
2944 2402 3059 2471 jam
3073 2402 3274 2459 fecisse
3306 2406 3560 2462 haaacre-

1974 2490 2059 2546 dis
2089 2488 2371 2554 miracula,
2431 2490 2558 2560 quid
2593 2499 2648 2545 te
2681 2491 2907 2546 credere
2938 2492 3188 2561 prohibet
3217 2510 3341 2549 eum
3383 2494 3562 2551 adhuc

1975 2588 2306 2660 quandoque
2331 2587 2601 2643 facturum
2633 2588 2826 2643 eadem
2857 2588 2975 2659 ipsa
3006 2590 3035 2642 ‘I

2046 2677 2292 2732 Parnus.
2334 2676 2778 2748 Omnipotentem
2809 2686 3055 2733 mortuas
3101 2678 3370 2735 suscitare
3398 2696 3562 2751 posse

1974 2781 2083 2820 non
2114 2782 2259 2837 nego
2292 2766 2343 2833 (Ι
2370 2765 2489 2822 Cor.
2518 2768 2630 2835 xv),
2676 2766 2802 2837 quin
2834 2782 3024 2821 omnes
3082 2767 3334 2823 homines
3362 2769 3416 2822 in
3475 2770 3564 2826 die

1969 2854 2319 2925 judiciiabeo
2349 2855 2762 2909 resuscitandas
2779 2856 2967 2919 (Joan.
2990 2871 3041 2908 v.
3066 2856 3290 2919 ;Matth.
3314 2857 3495 2929 xxw).
3511 2866 3565 2913 et

1974 2951 2239 3010 conﬁtear
2268 2960 2321 3007 et
2343 2952 2523 3016 credo,
2548 2953 2645 3007 sed
2695 2954 2839 3026 quod
2885 2953 3143 3023 adjicitis,
3177 2955 3301 3026 quia
3354 2956 3565 3012 scilicet

1972 3042 2152 3097 denuo
2184 3049 2359 3096 terras
2381 3042 2725 3096 inhabitaturi
2749 3043 2876 3109 sint,
2909 3059 3019 3095 non
3050 3044 3247 3098 credo.
3540 3116 3541 3119 η

2043 3130 2291 3185 Marsus.
2330 3131 2445 3185 Nec
2476 3131 2579 3185 hac
2608 3130 2703 3184 tibi
2725 3137 2917 3185 contra
2948 3128 3108 3185 ﬁdem
3142 3148 3266 3187 esse
3289 3131 3455 3188 debet
3482 3133 3562 3189 vi-

2151 3245 2273 3284 cum
2304 3228 2370 3282 ab
2409 3226 2532 3282 Elia
2587 3227 2672 3282 vel
2704 3228 2901 3284 Elisreo
2948 3230 3327 3297 resuscitatus,
3378 3240 3565 3302 postea

1974 3317 2192 3387 longam
2215 3318 2379 3373 vitam
2437 3316 2671 3385 duxerit,
2712 3333 2932 3372 uxorem
2966 3317 3237 3383 habuerit,
3299 3319 3444 3375 ﬁlias
3473 3336 3571 3393 ge-

1974 3407 2175 3472 nuerit,
2209 3407 2435 3479 pristina
2481 3406 2742 3462 humanm
2798 3406 2922 3462 vita:
2977 3416 3170 3464 cuncta
3222 3406 3398 3465 olﬁcia
3455 3410 3565 3465 im-

1972 3495 2232 3569 pleverit.

2047 3586 2285 3640 Penus.
2312 3583 2514 3640 Verum
2546 3592 2628 3639 est
2657 3583 2863 3640 etbene
2892 3584 3216 3655 potuitesse.
3242 3586 3325 3643 vel
3342 3604 3440 3658 per
3454 3587 3566 3643 mi-

1975 3676 2219 3730 raculum
2249 3674 2336 3729 vel
2367 3690 2465 3744 per
2492 3690 2707 3745 precem
2730 3674 2904 3729 sanctl
2926 3674 3177 3746 viri,quia
3197 3692 3401 3745 corpus
3420 3693 3565 3733 nan-

1976 3765 2104 3819 dum
2132 3762 2857 3834 eratdissalutum,quamvis
2872 3762 3031 3816 etiam
3056 3778 3401 3835 nequaquam
3432 3782 3563 3821 cre-

1976 3861 2364 3928 deremus,nisi
2380 3860 2749 3916 testimonium
2769 3860 3049 3931 superhac
3060 3861 3433 3931 propheticum
3456 3863 3565 3919 ba-

1978 3962 2253 4016 beremus.
2278 3962 2479 4016 Verum
2500 3975 2565 4015 ea
2594 3975 2715 4032 quae
2737 3966 2927 4015 contra
2941 3974 3103 4012 usum
3116 3958 3435 4032 contingere
3468 3977 3565 4015 so-

1976 4051 2107 4118 lent,
2133 4050 2267 4104 fides
2296 4050 2576 4105 hominum
2606 4047 2882 4119 suscipere
2915 4047 3072 4104 facile
3104 4063 3211 4102 nan
3238 4048 3396 4115 solet,
3458 4049 3567 4106 nisi

1980 4150 2164 4205 talium
2187 4150 2575 4205 conﬁrmentur
2614 4148 2933 4203 auctoritate
2963 4148 3335 4217 prohetarum,
3370 4148 3566 4219 quibus

1977 4247 2219 4302 omnium
2242 4244 2394 4300 favor
2408 4244 2700 4316 applaudat
2720 4244 3108 4311 auditarum,et
3123 4251 3180 4299 ut
3198 4260 3259 4299 ea
3272 4244 3391 4317 ipsa
3408 4262 3568 4317 aper-

1978 4333 2793 4406 tissimeloquanturpraphetaz.
2814 4334 2929 4389 Hoc
2945 4341 3125 4388 autem
3165 4334 3344 4389 nullus
3374 4344 3567 4406 aperte

1976 4424 2344 4497 pronuntiavit
2359 4421 2753 4494 propheta.Sed
2770 4438 2892 4478 cum
2909 4421 3078 4477 vestri
3101 4422 3204 4477 hoc
3220 4423 3462 4479 dixerint
3479 4422 3569 4480 da-

1978 4521 2178 4579 ctares,
2211 4527 2371 4568 nemo
2389 4518 2570 4567 tamen
2600 4527 2663 4566 ex
2693 4510 2778 4565 his
2810 4511 3039 4582 quiante
3053 4510 3323 4566 Christum
3354 4512 3569 4568 fuerunt

1979 4610 2120 4666 istud
2151 4608 2713 4681 praedixit.Sequaces
2744 4614 2922 4662 autem
2948 4621 3185 4662 errarem
3215 4608 3361 4663 hunc
3416 4607 3571 4664 inve-

1977 4715 2112 4754 nere
2143 4706 2199 4753 ut
2228 4697 2537 4753 Iudaeorum
2581 4712 2722 4769 gens
2758 4696 2815 4750 in
2843 4711 2941 4751 sua
2996 4695 3315 4767 persisteret
3371 4694 3569 4755 infide-

1980 4788 2154 4844 litate.

2051 4889 2301 4943 Marsss.
2338 4884 2471 4940 Etsi
2503 4883 2757 4940 doctores
2803 4892 3023 4938 nostras
3053 4882 3351 4938 seducendi
3406 4898 3574 4941 causa

1982 4975 2209 5031 ﬁnxisse
2241 4976 2359 5030 haec
2386 4974 2602 5040 astruis,
2636 4972 2764 5045 quid
2782 4973 2850 5027 de
2873 4971 3156 5043 praphetis
3184 4970 3328 5027 idem
3362 4971 3576 5029 facien-

1979 5073 2119 5128 tibus
2148 5071 2513 5144 respondebis
2543 5072 2570 5124 ‘?
2590 5073 2673 5125 Ait
2705 5070 2846 5125 enim
2876 5068 3046 5123 Isaias
3074 5087 3086 5123 :
3122 5066 3324 5126 Vivent
3360 5066 3575 5127 mortui

1982 5165 2068 5219 tui
2086 5180 2098 5216 :
2114 5162 2539 5233 interfectimei
2554 5163 2870 5231 resurgent.
2892 5160 3367 5231 Expergiscimini
3382 5164 3438 5214 et
3457 5160 3576 5217 tau-

1977 5252 2108 5308 date
2125 5254 2219 5324 qui
2240 5251 2509 5306 habitatis
2532 5251 2595 5304 in
2609 5249 2837 5321 pulvere
2856 5252 2869 5308 (
2881 5249 2987 5303 fsa.
3013 5249 3177 5317 xxvx)
3192 5288 3206 5302 .

2051 5342 2287 5396 PETRUS.
2331 5339 2512 5393 Verba
2540 5340 2657 5392 haec
2703 5351 3048 5408 nequaquam
3107 5336 3401 5391 ostendunt
3431 5352 3576 5392 mor-

1978 5438 2106 5486 tuos
2139 5438 2351 5485 vestros
2404 5428 2474 5482 ad
2517 5426 2926 5481 inhabitandam
2985 5433 3182 5480 terram
3234 5426 3572 5495 resuscitari,

1977 5520 2231 5592 quoniam
2260 5517 2309 5572 si
2342 5516 2636 5588 diligenter
2665 5516 2808 5587 quod
2838 5514 3043 5569 dicitur
3100 5514 3444 5570 attendamus
3467 5530 3573 5573 ncc

1975 5618 2312 5665 mortuarum
2342 5606 2800 5662 resurrectionem
2813 5604 2887 5658 ibi
2900 5611 3153 5674 patenter
3170 5604 3565 5676 prasignatam

1979 5698 2337 5755 inveniemus.
2387 5695 2639 5768 Alioquin
2695 5695 2910 5750 sibimet
2955 5694 3215 5765 propheta
3266 5693 3572 5749 contrarius

1978 5805 2102 5845 esse
2116 5787 2404 5851 videbitur,
2420 5801 2542 5842 cum
2556 5787 2606 5840 in
2629 5783 3003 5856 superioribus
3021 5781 3215 5838 dixerit
3237 5799 3250 5835 :
3271 5783 3570 5838 Hortante:

1979 5896 2095 5940 non
2107 5875 2572 5949 vivent,giganter
2582 5890 2705 5934 non
2712 5876 3013 5946 resurgent
3024 5867 3394 5943 (ibid.).Quod
3402 5868 3570 5939 igitur
