3966 6402
471 376 574 433 583

1402 370 1606 428 PETRI
1643 370 1994 429 ALPHONSI
2030 371 2130 427 EX
2166 369 2409 427 JUDlEO
2449 371 2850 429 CHRISTIANI

3703 378 3832 460 58s

469 534 522 583 et
550 542 581 580 a
609 532 818 580 natura
846 539 951 579 usu
979 522 1313 586 dissentit,et
1357 521 1460 593 ipsi
1505 523 1788 593 propheta
1838 531 2065 578 contra-

2185 496 2420 553 animam
2446 498 2757 564 contendis,
2792 514 2915 554 cum
2943 498 3089 554 idem
3116 500 3381 571 pr0pheta
3411 516 3479 555 ex
3514 500 3619 556 Dei
3651 516 3832 571 pra-

474 615 727 671 rietatem
792 611 1013 685 ingerit,
1064 625 1413 682 nequaquam
1489 612 1787 666 secundum
1862 610 2070 665 libitum

477 707 921 780 uniuscujusque
951 705 1020 760 ad
1051 720 1271 760 sensum
1303 712 1510 760 natura
1540 704 1876 761 contrarium
1908 704 2073 760 debet

477 805 846 878 exponi,cum
891 802 1047 857 aliter
1091 817 1226 857 sano
1270 818 1434 857 sensu
1478 802 1646 873 possit
1683 801 1936 874 intelligi,
1970 801 2074 857 nisi

478 893 785 952 necessaria
818 892 955 947 ratio
986 890 1060 946 ita
1092 890 1340 963 coegerit
1368 891 1571 962 accipi.

550 985 796 1038 Movsss.
822 980 1024 1035 Audire
1044 980 1279 1036 delectat
1310 996 1545 1052 quonam
1569 979 1680 1036 alio
1696 979 1861 1036 modo
1883 996 2074 1037 versus

474 1082 632 1153 hujus
663 1077 947 1136 sententia
972 1077 1118 1148 jusle
1150 1085 1309 1150 queat
1338 1078 1601 1151 intelligi.

548 1180 785 1234 Parens.
828 1176 1054 1231 Duobus
1083 1174 1262 1231 modis
1297 1174 1524 1230 verbum
1556 1175 1662 1231 hoc
1700 1173 1934 1247 intelligi
1967 1188 2071 1245 po-

470 1276 595 1336 test,
629 1265 887 1323 videlicet
914 1272 973 1319 ut
1003 1264 1089 1320 vel
1119 1264 1188 1319 de
1206 1264 1445 1319 extremi
1471 1264 1666 1334 judicii
1722 1263 2074 1321 suscitatione

475 1358 676 1414 dictum
699 1354 967 1420 credatur,
1000 1353 1089 1408 vel
1119 1352 1555 1409 resuscitationis
1605 1353 1826 1409 nomine
1846 1352 2073 1423 captivi-

474 1457 601 1513 tatis
635 1453 953 1511 evasionem
977 1450 1365 1524 signiﬁcaverit
1381 1493 1394 1506 .
1416 1451 1519 1507 llic
1548 1460 1729 1506 autem
1751 1467 1950 1506 sensus
1967 1466 2074 1505 ma-

472 1544 560 1617 gis
582 1541 654 1596 ad
686 1539 893 1595 literam
927 1537 1202 1608 pertinere
1233 1536 1463 1604 videtur,
1487 1552 1608 1592 cum
1629 1536 1791 1608 paulo
1814 1536 2071 1606 superius

472 1630 740 1704 pr0pheta
771 1642 883 1682 sua
908 1626 1088 1696 gentis
1117 1625 1477 1695 captivitatem
1509 1634 1561 1680 et
1589 1624 1937 1681 afﬂictionem
1969 1625 2069 1679 de-

471 1710 702 1774 ﬂeverit,
728 1708 1019 1777 statimque
1051 1706 1248 1760 divina
1306 1706 1689 1777 promissionis
1748 1714 1803 1761 et
1856 1705 2074 1778 pietatis

472 1799 725 1856 solatium
747 1795 923 1851 intulit
954 1794 1175 1851 dicens:
1212 1793 1405 1851 Vivent
1451 1795 1687 1861 mortui,
1745 1802 1796 1849 et
1830 1794 2065 1865 reliqua.

473 1890 589 1946 Nec
620 1888 763 1941 hanc
795 1884 1113 1940 evasionem
1147 1883 1392 1955 quolibet
1421 1883 1627 1939 incerto
1659 1892 1931 1955 tempore,
1973 1882 2070 1938 sed

473 1986 596 2051 post
625 1975 903 2031 modicum
930 1983 1146 2043 tempus
1201 1982 1514 2027 eventuram
1549 1972 1786 2027 insinuat
1831 1972 2022 2027 dicens
2053 1988 2067 2027 :

479 2067 638 2133 Vade,
659 2063 902 2138 populus
919 2077 1096 2128 meus,
1121 2060 1281 2115 intra
1302 2062 1562 2116 cubicula
1581 2058 1913 2125 tua,claude
1925 2061 2070 2115 ostia

475 2160 578 2212 tua
607 2169 779 2225 super
813 2156 888 2217 te,
914 2149 1251 2206 abscondere
1273 2151 1558 2205 modicum
1592 2150 1665 2204 ad
1694 2153 2065 2216 momentum,

472 2251 647 2300 donec
665 2243 1039 2314 pertranseat
1053 2238 1374 2310 indignatio
1397 2239 1600 2309 (ibid).
1616 2238 1745 2294 Hac
1759 2237 1825 2292 ad
1848 2236 2072 2309 captivi-

471 2347 634 2396 tatem
665 2342 1034 2407 congruenter
1063 2333 1393 2389 referuntur.

541 2429 793 2483 Movsas.
830 2424 1215 2495 Nunquidnam
1265 2423 1474 2494 aliquid
1529 2422 1707 2478 talein
1729 2422 1911 2477 verbis
1957 2423 2069 2477 Da-

471 2522 630 2580 nielis
660 2520 902 2589 objicere
957 2515 1165 2587 poteris
1194 2516 1223 2569 ‘?
1251 2516 1336 2571 Ait
1354 2517 1497 2571 enim
1525 2536 1537 2571 :
1569 2518 1733 2572 Multi
1762 2515 1830 2571 de
1858 2517 1946 2571 his
1975 2517 2071 2588 qui

472 2621 766 2677 dormiunt
785 2618 850 2671 in
879 2619 1049 2670 terra
1075 2613 1307 2680 pulvere
1324 2614 1662 2684 vigilabant,
1686 2614 1789 2669 alii
1809 2614 1872 2667 in
1895 2615 2071 2668 vitam

453 2713 773 2772 aternam,
804 2705 911 2760 alii
961 2704 1026 2758 in
1073 2703 1435 2774 opprobrium
1483 2707 1547 2759 ut
1593 2702 1821 2759 videant
1850 2718 2072 2775 semper

472 2800 641 2870 (Dan.
674 2797 800 2865 xu).

546 2910 785 2964 Parnns.
816 2907 990 2962 Tanto
1038 2905 1260 2979 longius
1289 2903 1584 2960 auctoritas
1639 2903 1755 2960 hac
1774 2921 1803 2959 a
1835 2913 1919 2959 tua
1950 2903 2069 2958 dis-

474 3005 665 3069 crepat
694 2995 1011 3060 intentione,
1053 3000 1256 3067 quanto
1278 2992 1583 3048 evidentius
1613 2992 1681 3047 de
1713 2993 1900 3047 ultimo
1923 2990 2070 3060 judi-

475 3096 561 3153 cio
582 3094 902 3165 intelligitur
925 3092 1071 3148 dicta
1101 3091 1289 3147 fuisse.
1323 3092 1382 3145 In
1407 3089 1500 3145 illa
1521 3090 1667 3146 enim
1698 3091 2068 3146 resurrectio-

469 3201 559 3251 ne,
592 3184 746 3239 ibunt
774 3182 858 3237 vel
894 3181 947 3236 in
980 3180 1139 3236 vitam
1163 3188 1423 3236 aternam
1448 3179 1534 3235 vel
1564 3178 1618 3234 in
1649 3188 1909 3236 aternum
1964 3194 2062 3250 op-

472 3278 753 3357 probrium
785 3280 969 3349 (Joan.
1004 3295 1037 3334 v
1069 3297 1083 3345 ;
1119 3278 1320 3333 Matth.
1346 3280 1503 3346 xxv).

541 3374 786 3428 Movsas.
816 3368 1143 3424 Inveniesne
1172 3366 1377 3438 aliquid
1408 3365 1553 3437 quod
1583 3373 1774 3421 contra
1806 3362 2069 3421 Ezechie-

468 3470 576 3527 lem
605 3469 929 3542 prophetam
959 3466 1146 3522 dicere
1167 3463 1350 3536 possis
1368 3464 1396 3517 ?
1417 3463 1521 3533 Qui
1558 3478 1683 3519 cum
1706 3463 1887 3533 plures
1918 3478 2070 3517 mor-

472 3563 599 3612 tuos
628 3553 809 3608 divina
841 3551 1160 3607 suscitasset
1190 3549 1409 3615 virtute,
1442 3549 1511 3603 de
1542 3546 1733 3602 futuris
1754 3563 1968 3619 quoque
1984 3544 2071 3601 his

473 3643 801 3701 vaticinatus
854 3648 934 3695 est
983 3640 1163 3695 verbis
1197 3656 1210 3693 :
1242 3639 1368 3693 Hac
1408 3637 1547 3693 dicit
1588 3638 1857 3693 Dominus
1878 3635 2072 3691 Deus:

474 3745 614 3801 Ecce
646 3756 743 3812 ego
772 3738 1028 3811 aperiam
1048 3737 1301 3793 tumulos
1325 3739 1559 3800 vestros,
1579 3738 1634 3789 et
1651 3734 1886 3790 educam
1904 3749 1995 3790 vos
2008 3735 2070 3788 in

480 3836 697 3888 terram
714 3828 896 3884 Israel
917 3826 1141 3895 (Ezech.
1162 3828 1384 3891 xxxv")
1415 3824 1479 3877 Et
1500 3830 1632 3894 post
1652 3838 1825 3893 pauca
1847 3841 1865 3876 :
1894 3823 1964 3877 Et
1980 3838 2071 3878 re-

473 3922 757 3996 quiescere
787 3933 880 3973 vos
902 3917 1116 3987 faciam
1132 3929 1302 3985 super
1335 3912 1570 3968 humum
1591 3915 1835 3967 vestram
1859 3910 2066 3981 (ibid.).

472 4020 616 4076 Ecce
644 4026 701 4073 et
730 4024 977 4070 mortuos
994 4011 1420 4076 suscitandos,et
1449 4018 1624 4065 terras
1646 4024 1775 4065 suas
1805 4008 2072 4064 inhabita-

474 4115 629 4166 turos
660 4103 1008 4178 apertissime
1029 4101 1294 4174 propheta
1308 4108 1473 4172 atque
1496 4098 1867 4154 indubitanter
1890 4106 2072 4155 osten-

473 4205 570 4261 dit.

539 4309 789 4363 Fumus.
828 4302 943 4358 Hoc
971 4299 1123 4373 prius
1153 4298 1419 4356 debemus
1449 4298 1744 4369 discutere,
1784 4306 1841 4354 ut
1863 4297 2071 4355 scilicet

469 4396 615 4471 quali
640 4410 737 4450 eos
767 4390 1112 4447 suscitaverit
1133 4390 1296 4445 modo
1320 4388 1600 4443 valeamus
1628 4404 1955 4461 agnoscere,
1989 4386 2070 4441 vi-

470 4486 670 4542 delicet
695 4490 873 4537 utrum
890 4488 1009 4553 post
1039 4478 1447 4534 suscitationem
1475 4478 1660 4534 omnia
1690 4476 1911 4532 humani
1942 4492 2068 4532 cor-

466 4574 619 4649 poris
648 4570 829 4629 oiticia
852 4568 1216 4641 eXpleverint,
1249 4583 1449 4624 necne.
1487 4569 1626 4622 Nam
1657 4575 1711 4623 et
1738 4567 1845 4623 hoc
1862 4565 2061 4638 pleris-
2089 4588 2142 4649 Β

468 4695 575 4753 que
602 4677 658 4732 in
689 4673 911 4730 dubium
942 4670 1115 4728 venit.

536 4768 797 4823 Movsas.
831 4761 902 4818 Ut
947 4757 1120 4815 nostri
1167 4764 1436 4813 testantur
1489 4756 1760 4824 doctores,
1809 4772 1919 4812 non
1967 4771 2067 4827 per

467 4854 739 4914 somnium
770 4851 865 4907 sed
895 4850 1134 4922 vigilans
1164 4862 1261 4903 eos
1281 4862 1587 4920 exsurgere
1613 4846 1764 4902 fecit.
1803 4847 1868 4900 Et
1895 4847 2070 4901 uthoc

461 4953 646 5029 magis
676 4965 867 5007 verum
896 4963 1021 5003 esse
1057 4945 1388 5015 innotescat,
1415 4944 1567 5015 ipsos
1597 4960 1790 4999 omnes
1818 4953 2066 4999 mortuos

469 5060 608 5120 quos
662 5040 787 5114 ipso
845 5033 1128 5093 suscitavit
1177 5034 1247 5089 de
1278 5034 1533 5105 Ephraim
1575 5032 1723 5088 tribu
1770 5033 2067 5105 perhibent

468 5142 657 5207 fuisse,
692 5152 831 5210 quos
860 5135 914 5189 in
954 5132 1276 5206 egressione
1305 5131 1493 5203 p0puli
1523 5131 1592 5186 de
1620 5131 1853 5202 Egypto
1869 5130 2067 5186 dicitur

466 5232 671 5290 obiisse
700 5228 756 5283 in
784 5223 1235 5280 Philistninorum
1252 5221 1504 5294 regione.
1543 5221 1674 5277 Hac
1691 5229 1870 5276 autem
1885 5220 2065 5276 susci-

467 5330 597 5386 tatio
629 5327 852 5399 signum
879 5320 978 5377 fuit
1015 5319 1227 5387 futura,
1260 5328 1317 5375 ut
1346 5318 1804 5393 quemadmodum
1826 5317 1905 5373 illi
1941 5333 2064 5374 om-

467 5441 566 5482 nes
585 5431 708 5480 sunt
733 5438 833 5493 per
878 5434 1003 5476 eum
1060 5418 1322 5484 suscitati,
1379 5417 1460 5474 sic
1494 5423 1553 5473 et
1582 5415 1787 5488 reliqui
1816 5415 2063 5474 universi

468 5523 798 5594 quandoque
825 5517 1124 5575 credantur
1145 5516 1464 5573 suscitandi.

536 5622 776 5675 Passus.
807 5615 1096 5686 Quomodo
1140 5614 1251 5670 illis
1282 5630 1472 5671 veram
1503 5621 1552 5670 et
1577 5613 1879 5685 perfectam
1925 5631 2062 5672 con-

464 5709 585 5765 tulit
610 5706 1095 5769 resurrectionem,
1136 5720 1263 5761 cum
1291 5706 1531 5762 animam
1587 5719 1933 5777 nequaquam
1985 5705 2062 5760 illi

468 5794 772 5853 reddiderit
798 5792 1122 5847 rationalem
1153 5793 1182 5847 7

533 5884 778 5940 Morass.
808 5877 1057 5949 Qualiter
1109 5893 1209 5936 eos
1235 5896 1348 5937 non
1404 5880 1730 5940 rationalem
1784 5885 2063 5958 recepisse

2182 603 2343 666 cepto
2389 595 2459 651 ad
2489 596 2737 667 spiritum
2794 596 3118 652 vaticinetur
3153 597 3347 653 talibus
3379 598 3572 653 verbis
3603 599 3634 654 τ
3671 600 3827 654 Hec

2182 685 2320 741 dicit
2339 686 2615 743 Dominus
2632 705 2651 740 :
2672 690 2709 741 Α
2735 691 2979 757 quatuor
2997 688 3180 742 ventis
3191 687 3339 753 veni,
3357 689 3711 758 spiritus,“
3726 686 3826 743 in-

2183 784 2354 855 sufﬂa
2372 799 2540 854 super
2557 784 2890 854 interfectos
2906 786 3045 840 istos
3060 788 3117 841 et
3146 786 3504 841 reviviscunt.
3538 788 3612 842 Et
3652 803 3819 858 pro-

2180 879 2413 951 phetavi
2433 880 2582 936 sicut
2623 884 2972 953 praeceperat
3006 882 3293 948 Dominus,
3312 884 3369 939 et
3396 884 3704 954 ingressus
3716 888 3819 939 est

2182 979 2246 1032 in
2275 993 2339 1033 ea
2351 979 2614 1051 spiritus,
2635 983 2692 1034 et
2709 980 3004 1045 vixerunt,
3021 984 3414 1053 steteruntque
3427 982 3813 1055 superpedes

2181 1082 2308 1123 suos
2338 1068 2631 1124 exercitus
2649 1068 2883 1139 grandis
2903 1070 3257 1127 nimiSvalde
3272 1069 3479 1141 (ibid.).

2255 1164 2497 1220 Persas.
2540 1162 2776 1237 Spiritus
2805 1166 2895 1222 hic
2949 1166 3042 1239 qui
3070 1182 3100 1221 a
3132 1176 3365 1239 quatuor
3386 1167 3576 1224 venire
3604 1168 3808 1225 ventis

2177 1260 2423 1331 jubetur,
2458 1278 2808 1336 nequaquam
2857 1264 3140 1320 rationalis
3169 1272 3253 1320 est
3279 1265 3484 1329 anima,
3523 1267 3630 1322 sed
3661 1283 3805 1340 qua

2183 1374 2257 1415 ex
2279 1369 2511 1432 quatuor
2532 1361 2941 1417 elementorum
2975 1360 3034 1417 ﬁt
3063 1363 3461 1432 conjunctione.

2253 1458 2506 1513 Mersus.
2552 1458 2636 1512 Ex
2672 1458 2976 1513 verbistuis
3005 1458 3326 1530 intelligitur
3353 1458 3494 1514 aliud
3524 1475 3657 1516 esse
3677 1460 3801 1531 spi-

2176 1554 2339 1609 ritum
2373 1555 2740 1626 corporalem,
2780 1555 2928 1611 aliud
2958 1556 3193 1610 animam
3241 1556 3603 1612 rationalem:
3629 1557 3797 1628 quod

2182 1643 2226 1697 si
2258 1643 2333 1697 ita
2355 1651 2457 1710 est,
2491 1651 2619 1699 tunc
2647 1652 2701 1699 et
2727 1659 2916 1699 eorum
2947 1659 3112 1715 opera
3139 1652 3265 1699 sunt
3285 1645 3519 1700 diversa.

2252 1741 2491 1796 Parens.
2526 1743 2605 1796 Ita
2626 1758 2749 1797 esse
2781 1757 2942 1797 nemo
2970 1742 3189 1812 sapiens
3221 1741 3449 1799 dubitat.

2103 1859 2157 1920 Β
2250 1839 2501 1893 Moyses.
2540 1840 2833 1912 Utriusque
2863 1839 3224 1896 diﬂ‘erentiam
3254 1842 3442 1896 audire
3490 1839 3789 1896 desidero.

2251 1928 2495 1982 Ριςτιιυε.
2539 1929 2769 1999 Spiritus
2800 1929 3103 2001 corporalis
3134 1946 3331 2001 corpus
3352 1930 3568 2001 quidem
3603 1929 3789 1984 levis-

2180 2023 2376 2080 simum
2410 2032 2496 2081 est
2534 2035 2587 2081 et
2616 2027 3052 2094 subtilissimum,
3075 2029 3217 2100 quod
3246 2028 3299 2081 in
3331 2027 3560 2083 hominis
3583 2042 3790 2098 corpo-

2178 2129 2240 2169 re
2258 2130 2320 2168 ex
2341 2125 2574 2185 quatuor
2601 2115 2993 2171 elementorum
3024 2115 3081 2171 ﬁt
3110 2116 3503 2185 conjunctione,
3534 2124 3590 2170 et
3621 2131 3687 2169 ex
3714 2130 3786 2170 eo

2177 2210 2300 2267 loco
2332 2213 2389 2266 in
2418 2229 2611 2268 omnes
2629 2215 2909 2285 spargitur
2936 2230 3121 2280 venas,
3158 2216 3364 2287 ipsique
3411 2214 3627 2285 c0rpori
3686 2214 3782 2269 tri—

2179 2301 2286 2355 buit
2316 2302 2501 2366 vitam,
2533 2309 2587 2357 et
2613 2303 2859 2373 halitum,
2884 2312 2937 2359 et
2966 2304 3177 2359 atteriis
3205 2304 3481 2359 assiduum
3528 2303 3776 2374 pulsum,

2179 2409 2231 2454 et
2262 2400 2561 2455 naturalem
2593 2400 2830 2456 hominis
2851 2409 3078 2467 motum,
3112 2402 3216 2458 hoc
3235 2418 3355 2457 cum
3378 2416 3609 2472 corpore
3622 2400 3773 2472 quod

2179 2486 2419 2544 viviﬁcat
2446 2489 2606 2544 simul
2655 2490 3045 2562 corrumpitur.
3112 2491 3213 2545 Est
3249 2498 3426 2546 autem
3483 2489 3777 2545 rationalis

2178 2576 2360 2631 anima
2400 2578 2700 2633 substantia
2732 2595 2828 2650 per
2856 2594 2917 2634 se
2968 2579 3273 2635 subsistens
3308 2580 3628 2650 incorporea
3676 2592 3771 2633 vo-

2179 2673 2414 2731 luntario
2440 2686 2587 2732 motu
2615 2677 2822 2732 moveri
2852 2677 3065 2733 faciens
3094 2693 3319 2748 corpus,
3337 2678 3454 2749 ipsa
3477 2686 3657 2731 tamen
3676 2675 3770 2729 im-

2178 2774 2396 2829 mobilis
2450 2791 2801 2846 permanens,
2859 2791 3092 2847 corpore
3138 2791 3352 2848 quoque
3404 2775 3492 2831 cui
3543 2775 3771 2829 inharet

2178 2872 2455 2934 corrupto,
2492 2863 2925 2935 incorruptibilis
2962 2864 3222 2929 existens,
3254 2863 3439 2935 generi
3480 2864 3640 2919 etiam
3672 2863 3771 2917 ad-

2172 2960 2365 3032 juncta
2387 2962 2625 3032 speciem
2657 2962 2893 3017 hominis
2923 2964 3044 3034 ipsa
3071 2961 3377 3034 pet-ﬁciens.

2249 3062 2494 3115 Morsas.
2529 3062 2750 3117 Memini
2780 3061 2979 3118 multos
3005 3072 3132 3118 ante
3161 3078 3261 3118 nos
3291 3061 3496 3116 dixisse
3527 3061 3768 3116 animam

2181 3160 2557 3215 rationabilem
2589 3177 2655 3215 ex
2688 3169 2918 3233 quatuor
2963 3161 3358 3218 elementorum
3388 3161 3768 3231 conjunctione

2099 3224 2148 3309 C.
2180 3248 2377 3306 creari.
2413 3249 2549 3318 Qua
2581 3224 3038 3319 conjunctio,cum
3071 3250 3343 3306 subtiliter
3370 3249 3446 3315 ﬁt,
3479 3224 3607 3305 nihil
3637 3250 3766 3306 den-

2178 3348 2352 3403 sitatis
2385 3348 2590 3403 habens
2620 3348 2675 3403 in
2705 3365 2787 3417 se,
2818 3348 3073 3405 dixerunt
3093 3350 3326 3405 animam
3346 3349 3593 3405 subtilem
3607 3366 3759 3415 esse;

2179 3439 2224 3491 si
2246 3453 2377 3493 vero
2406 3438 2756 3493 obscuritatis
2814 3438 3023 3510 aliquid
3052 3439 3246 3494 habeat
3301 3448 3354 3495 et
3380 3438 3757 3508 spissitudinis,

2177 3527 2428 3582 dixerunt
2450 3527 2689 3582 animam
2748 3543 2972 3600 segnem
2997 3544 3121 3584 esse
3149 3537 3205 3583 et
3223 3529 3466 3583 obtusum
3498 3527 3584 3582 tali
3628 3528 3761 3583 illud

2176 3625 2500 3688 argumento
2529 3606 2857 3687 probantes.
2885 3617 2970 3671 Ex
3002 3617 3761 3689 adjunctione,inquiunt,qua-

2178 3714 2426 3767 rumdam
2457 3729 2639 3767 rerum
2698 3711 2827 3768 talia
2856 3713 3012 3786 gigni
3060 3729 3204 3783 sape
3247 3714 3516 3778 videmus,
3548 3712 3759 3768 colores

2176 3801 2404 3869 scilicet,
2436 3800 2667 3856 virtutes
2689 3810 2743 3857 et
2764 3817 2930 3872 opera
2956 3818 3084 3873 qua
3109 3802 3176 3856 de
3208 3802 3348 3856 nulla
3378 3802 3583 3856 illarum
3598 3801 3758 3856 sidis-

2170 3898 2378 3969 juncta
2427 3898 2705 3969 sigillatim
2756 3899 3097 3970 accipiantur
3143 3900 3488 3970 proveniunt.
3553 3897 3752 3955 Simili—

2176 3995 2260 4043 ter
2280 4003 2497 4059 quoque
2514 3987 2642 4060 igne
2668 3997 2718 4043 et
2741 4004 2889 4055 aere,
2916 4004 3081 4060 aqua,
3115 3995 3261 4044 terra
3313 3989 3516 4059 pariter
3536 3989 3747 4059 junctis.

2174 4075 2452 4131 rationalis
2480 4076 2800 4146 producitur
2834 4074 3034 4143 anima,
3074 4092 3194 4147 qua
3222 4083 3409 4131 tamen
3430 4075 3474 4130 si
3495 4084 3750 4148 quaratur

2175 4164 2230 4219 in
2250 4163 2507 4236 singulis,
2538 4180 2646 4219 non
2674 4163 2950 4220 invenitur
2969 4164 3282 4219 manifesta.

2246 4254 2484 4308 Parnus.
2518 4253 2574 4308 Si
2603 4270 2669 4309 ex
2698 4269 2935 4324 corpore
2964 4263 3193 4324 quatuor
3222 4253 3609 4309 elementorum
3627 4269 3747 4309 con-

2167 4342 2455 4413 junctione
2484 4341 2725 4413 perfecto
2774 4341 3051 4398 rationalis
3093 4343 3335 4399 nascitur
3362 4343 3559 4407 anima,
3595 4342 3743 4398 debet

2172 4447 2308 4504 ergo
2339 4430 2627 4487 deﬁciente
2656 4430 2904 4502 corporis
2948 4432 3143 4487 robore
3173 4433 3368 4487 anima
3419 4433 3584 4486 virtus
3611 4429 3736 4485 deﬁ-

2171 4536 2322 4578 cere.
2355 4521 2412 4576 Si
2469 4528 2654 4577 autem
2683 4521 2853 4576 virtus
2881 4520 3101 4587 anima,
3134 4538 3256 4576 cum
3285 4520 3527 4591 corporis
3577 4519 3737 4576 deﬁcit

2175 4620 2393 4690 robore,
2423 4619 2669 4691 sequitur
2699 4634 2835 4692 ergo
2866 4627 2924 4674 ut
2946 4618 3238 4676 inchoante
3266 4618 3513 4690 corporei
3558 4617 3735 4691 vigoris

2174 4708 2553 4775 dissolutione,
2602 4708 2807 4780 pariter
2862 4708 3199 4764 dissolvatur
3244 4716 3298 4764 et
3326 4708 3496 4764 virtus
3531 4708 3725 4763 anima.

2176 4797 2334 4868 Quod
2366 4797 2412 4852 si
2436 4796 2771 4854 concedatur
2799 4806 3054 4869 corrupto
3100 4813 3352 4870 corpore,
3383 4795 3554 4851 anima
3592 4796 3731 4851 etiam

2174 4887 2453 4957 corrumpi
2482 4886 2848 4943 concluditur.

2245 4978 2487 5032 Movsas.
2520 4976 2719 5032 Rectus
2739 4976 2876 5033 ordo
2914 4974 3327 5050 consequentia
3340 4975 3421 5032 sic
3435 4973 3636 5031 evenire
3652 4973 3733 5029 de-

2173 5073 2462 5121 monstrat.

2242 5155 2477 5209 Paraus.
2501 5153 2607 5209 Sed
2647 5154 2948 5227 argumenti
2979 5153 3256 5210 conclusio
3285 5152 3557 5209 oculorum
3587 5148 3723 5205 ﬁdem

2173 5243 2476 5317 impugnat.
2510 5243 2669 5314 Sape
2698 5243 2843 5298 enim
2867 5243 3155 5317 contingit,
3188 5250 3390 5313 quanto
3420 5240 3587 5315 magis
3614 5255 3722 5296 cor-

2169 5358 2274 5415 pus
2330 5340 2640 5396 debilitatur
2673 5352 2730 5396 et
2757 5339 2923 5396 morti
2965 5339 3270 5412 appropiat,
3302 5347 3359 5396 ut
3389 5347 3531 5393 tanto
3574 5337 3721 5408 magis

2170 5430 2524 5488 convalescat
2553 5430 2755 5498 anima,
2805 5430 2967 5486 veluti
2999 5429 3282 5502 aliquoties
3321 5428 3503 5483 multis
3530 5424 3723 5481 inﬁrmis

2171 5520 2312 5577 solet
2331 5520 2603 5587 accidere,
2634 5527 2692 5575 ut
2722 5528 2924 5592 quanto
2954 5520 3112 5575 morti
3143 5518 3440 5591 proximior
3473 5524 3568 5582 est,
3601 5522 3722 5571 tanto

2171 5617 2563 5691 perapieaciori
2594 5617 2795 5673 mentis
2824 5616 3074 5674 acumine
3098 5617 3220 5688 plus
3247 5615 3403 5672 solito
3417 5613 3717 5677 recordetur,

2171 5718 2224 5764 et
2254 5716 2447 5764 cuncta
2477 5708 2780 5778 provideat,
2807 5715 2858 5763 et
2890 5707 2943 5761 in
2974 5706 3095 5778 ipso
3126 5723 3232 5778 quo
3263 5705 3453 5761 melius
3478 5703 3634 5758 anima
3657 5700 3721 5755 vi-

2169 5805 2314 5870 geat,
2344 5805 2624 5852 momento
2655 5798 2818 5852 homo
2846 5796 3095 5851 intereat.
3130 5796 3262 5851 Cum
3293 5803 3473 5850 autem
3526 5800 3651 5845 tanta
3671 5797 3719 5844 ut

2169 5884 2285 5942 dixi
2310 5885 2651 5960 perspicacia
2683 5885 2867 5960 vigeat
2892 5884 3099 5956 anima,
3132 5892 3265 5942 tunc
3284 5881 3467 5943 omnia
3490 5879 3717 5953 languea-
