3966 6404
123 398 261 457 585

1684 389 1996 458 DIALOGI.

3378 409 3484 464 586

124 527 206 580 tis
238 527 501 598 corporis
528 526 649 596 plus
676 522 988 578 denrescuct
1033 518 1228 578 cilicia.
1274 523 1586 579 Invenimus
1613 538 1760 592 prte-
1788 525 1845 587 A
1874 526 2042 582 ﬁxum
2072 527 2275 598 aliquid
2304 544 2367 584 ac
2394 536 2600 584 certum
2630 529 2867 599 ﬁrmare,
2901 529 3221 588 memoriam
3252 533 3470 603 habere,

122 630 300 677 terea
332 639 493 678 senes
521 624 804 693 plerosque
847 635 970 675 cum
1019 619 1087 674 ad
1120 620 1279 674 talem
1309 620 1653 689 pervenerint
1682 636 1774 675 se-

124 728 458 788 nectutem,
516 727 574 775 ut
630 719 776 773 nulla
827 718 895 771 sit
949 717 1004 770 in
1059 718 1137 771 eis
1190 717 1445 773 fortitudo
1493 734 1771 789 corporea,

126 815 285 863 tunc
350 810 558 880 pollere
611 807 834 863 consilio
891 806 1130 862 animam
1186 814 1237 861 et
1282 806 1429 861 omni
1476 807 1765 876 sapientia.

128 903 295 958 Hinc
347 904 528 972 itaque
587 902 810 957 evidens
864 901 1135 971 colligitur
1168 901 1323 968 ratio,
1382 901 1525 971 quod
1564 918 1772 971 nequa-

130 1007 327 1060 quam
391 991 459 1044 de
513 992 900 1045 elementorum
957 990 1152 1058 copula
1208 989 1483 1044 rationalis
1550 990 1775 1060 prodeat

132 1076 372 1143 anima,
402 1076 497 1129 sed
526 1075 662 1129 sicut
706 1074 951 1145 superius
992 1074 1247 1142 diximus,
1295 1074 1361 1128 sit
1391 1089 1487 1145 per
1514 1090 1571 1127 se
1601 1074 1774 1129 subsi-

134 1182 309 1228 stens
352 1174 668 1228 substantia.
703 1170 977 1241 Quidquid
1007 1172 1151 1225 enim
1199 1188 1364 1226 unum
1395 1188 1620 1228 numero
1650 1173 1771 1228 exi-

136 1270 310 1316 stens
342 1270 395 1317 et
441 1263 497 1316 in
524 1262 604 1315 sui
634 1268 824 1315 natura
872 1260 1207 1314 immutabile
1250 1276 1589 1331 permanens,
1635 1276 1772 1315 con-

139 1347 457 1401 trariorum
506 1354 584 1401 est
628 1344 989 1415 susceptibile,
1038 1344 1332 1399 substantia
1362 1352 1442 1400 est
1469 1345 1650 1415 utique
1677 1362 1776 1415 per

140 1452 208 1490 se
244 1435 573 1489 subsistens.
605 1431 873 1503 Quoniam
895 1432 1059 1505 igitur
1085 1434 1267 1488 anima
1283 1449 1389 1488 una
1418 1441 1496 1488 est
1524 1450 1770 1525 numero,

140 1532 329 1587 veluti
384 1532 636 1599 Platonis,
688 1531 940 1598 Socratis,
990 1530 1104 1585 sive
1147 1529 1432 1599 cujuslibet
1463 1530 1619 1585 unius
1666 1532 1772 1586 ho-

137 1621 323 1675 minis
357 1621 556 1688 anima,
592 1635 690 1674 nec
738 1619 795 1673 in
838 1619 919 1673 sui
968 1626 1155 1673 natura
1185 1619 1447 1673 ullatenus
1494 1627 1772 1690 permuta-

138 1718 254 1775 tur,
292 1710 394 1764 sed
425 1709 552 1763 boni
584 1709 819 1777 malique
850 1716 929 1761 est
958 1707 1336 1777 susceptibilis,
1388 1716 1551 1762 restat
1582 1723 1770 1763 neces-

140 1798 301 1852 sario
338 1805 397 1852 ut
423 1798 492 1851 sit
517 1813 616 1865 per
643 1813 699 1851 se
739 1796 1033 1850 subsistens
1063 1796 1379 1851 substantia.
1432 1798 1545 1851 Hoc
1591 1804 1770 1850 autem

1882 624 1936 670 et
1964 617 2102 672 velle
2139 632 2318 672 rerum
2364 632 2553 673 causas
2598 619 2881 687 discutere,
2932 629 2987 675 et
3028 620 3280 677 discussis
3308 622 3376 677 ad
3398 624 3478 677 rei

1881 713 2159 769 veritatem
2201 715 2499 786 pervenire.
2541 717 2669 771 Haec
2696 717 2751 771 in
2801 717 2948 773 nulla
2986 718 3237 773 animalis
3274 719 3476 790 specie,

1882 802 1981 855 nisi
2006 802 2061 856 in
2084 803 2200 858 solo
2232 812 2509 874 permanet
2536 805 2775 859 homine.

1952 906 2196 959 Movsns.
2228 905 2383 976 Quali
2415 906 2579 962 modo
2610 908 2725 963 ista:
2754 915 2859 962 tres
2889 909 3087 964 anima:
3114 910 3169 964 in
3198 926 3306 966 uno
3340 926 3478 966 con-

1880 994 2124 1048 venerint
2152 996 2398 1050 homine:
2431 995 2553 1050 dua:
2582 1012 2709 1051 vero
2758 996 2811 1051 in
2843 997 3240 1053 irrationalibus
3272 1000 3480 1054 anima-

1880 1083 2038 1137 libus.
2097 1084 2275 1138 Tertia
2316 1090 2495 1139 autem
2548 1085 2662 1139 sola
2693 1085 2746 1139 in
2775 1085 3033 1140 omnibus
3086 1086 3154 1141 de
3201 1096 3343 1143 terra
3370 1104 3477 1144 na-

1881 1172 2166 1240 scentibus,
2199 1180 2255 1228 et
2274 1173 2485 1241 ignoro,
2516 1181 2569 1228 et
2597 1175 2947 1229 vehementer
2974 1175 3234 1231 admiror.

1953 1269 2188 1323 PB‘I‘RUS.
2266 1271 2325 1323 In
2383 1269 2739 1340 quorumdam
2824 1271 3265 1342 philosophorum
3331 1274 3482 1330 libris

1882 1358 2009 1428 legi,
2043 1357 2188 1427 quod
2215 1374 2337 1412 cum
2384 1375 2563 1413 rerum
2614 1360 2813 1430 placuit
2850 1361 3078 1415 creatori
3125 1361 3478 1417 animantium

1881 1447 2122 1501 omnium
2170 1453 2328 1516 atque
2382 1448 2669 1503 virentium
2706 1464 2990 1517 procreare
3041 1464 3288 1520 corpora,
3339 1467 3479 1521 qua-

1881 1552 2001 1600 tuor
2061 1546 2117 1599 in
2180 1561 2345 1599 unum
2409 1546 2747 1601 commiscuit
2822 1547 3108 1612 elementa,
3176 1555 3230 1601 et
3293 1562 3481 1603 eorum

1881 1634 2161 1703 qualitates
2214 1634 2375 1689 aliam
2430 1650 2528 1689 sua
2583 1636 2904 1705 temperavit
2955 1636 3243 1703 contraria,
3301 1644 3355 1691 et
3410 1653 3480 1691 ex

1879 1722 1972 1781 illa
2032 1722 2416 1777 commixtione
2482 1732 2728 1793 procrata
2791 1731 2915 1777 sunt
2991 1739 3220 1793 corpora
3282 1741 3480 1796 supra-

1879 1818 2038 1874 dicta.
2070 1819 2150 1873 Ex
2182 1819 2499 1889 qualitatum
2538 1836 2667 1875 vero
2698 1821 3052 1891 temperantia
3082 1829 3312 1890 quatuor
3339 1837 3476 1892 pro-

144 1886 330 1941 modo
362 1886 621 1955 probatur
649 1884 794 1954 quod
841 1900 950 1939 non
989 1883 1059 1938 sit
1084 1899 1363 1955 corporea.
1409 1883 1600 1940 Omnis
1643 1900 1767 1940 cor-
1796 1877 1853 1939 Β
1879 1916 2138 1962 venerum
2165 1877 2386 1973 ηξιωηε,
2441 1924 2575 1978 quas
2630 1877 2982 1979 pmdihmus
3036 1877 3278 1976 viantes.
3313 1877 3480 1981 a‘ppﬁ

145 1984 308 2054 poris
339 1983 569 2053 qualitas
613 1982 863 2036 humanis
900 1980 1145 2050 subjacet
1172 1983 1433 2037 sensibus.
1466 1982 1770 2051 Cujuscun-

148 2087 263 2141 que
305 2079 490 2126 autem
526 2070 606 2126 rei
648 2070 931 2140 qualitates
986 2070 1116 2124 nulli
1175 2085 1436 2141 corporeo
1489 2070 1772 2140 subjacent

145 2160 364 2229 sensui,
416 2175 516 2215 nec
574 2174 838 2229 corporea
883 2166 963 2213 est
1021 2159 1139 2229 ipsa
1175 2159 1421 2214 dicenda.
1477 2157 1771 2227 Qualitates

150 2265 345 2313 autem
376 2256 575 2311 anima:
604 2255 809 2311 bonum
840 2263 964 2310 sunt
992 2263 1044 2310 et
1076 2256 1302 2321 malum,
1332 2272 1454 2325 quae
1476 2256 1624 2311 nullo
1652 2272 1770 2312 cor-

149 2359 333 2414 poreo
361 2345 730 2416 percipiuntur
756 2360 935 2399 sensu.
968 2344 1162 2399 Anima
1210 2344 1375 2416 igitur
1398 2360 1506 2399 non
1534 2351 1617 2399 est
1643 2360 1767 2399 cor-

154 2449 352 2505 porea.
414 2436 548 2488 Item
599 2433 742 2489 idem
801 2433 910 2489 alio
983 2434 1061 2487 sic
1117 2433 1374 2504 probatur
1427 2441 1766 2505 argumento.

156 2530 344 2587 Omne
375 2546 570 2601 corpus
599 2530 780 2601 aliquo
809 2545 1071 2601 corporeo
1100 2529 1396 2599 percipitur
1422 2546 1601 2585 sensu.
1631 2530 1771 2586 Ani-

157 2635 255 2674 ma
312 2626 492 2675 autem
550 2618 683 2673 nulli
737 2618 981 2687 subjacet
1027 2618 1268 2690 corporis
1314 2618 1513 2674 sensui.
1546 2620 1667 2674 Non
1692 2626 1774 2673 est

160 2732 299 2789 ergo
348 2731 625 2788 corporea.
659 2717 787 2772 Haec
817 2716 981 2771 etiam
1028 2717 1210 2771 anima
1249 2723 1500 2787 corrupto
1546 2730 1771 2787 corpore

163 2821 278 2861 non
306 2805 688 2876 corrumpitur.
725 2806 979 2874 Corporis
1028 2820 1263 2874 namque
1306 2805 1578 2876 corruptio
1605 2805 1774 2859 tribus

170 2894 351 2949 modis
377 2892 454 2962 ﬁt,
513 2894 600 2949 vel
654 2909 777 2948 cum
835 2893 966 2963 quid
1013 2893 1290 2948 marcessit
1316 2901 1367 2948 et
1397 2894 1606 2961 arescit,
1634 2900 1692 2948 ut
1718 2892 1775 2947 in

166 2991 453 3046 arboribus
506 2990 752 3047 videmus
780 2997 834 3045 et
863 2989 1062 3057 herbis,
1103 2991 1189 3045 vel
1217 3006 1340 3044 cum
1394 2989 1774 3045 detrimentum

167 3080 252 3135 sui
298 3080 514 3149 patitur,
564 3086 623 3135 ut
652 3080 731 3134 sal
762 3079 846 3134 vel
888 3078 1075 3134 fenum
1098 3096 1219 3133 cum
1249 3079 1318 3133 de
1347 3078 1467 3134 loco
1496 3078 1566 3133 ad
1596 3078 1775 3134 locum

168 3178 436 3235 movetur,
496 3168 583 3223 vel
627 3184 751 3222 cum
807 3167 1135 3237 dissolvitur,
1186 3174 1242 3222 ut
1288 3166 1482 3222 domus
1509 3182 1633 3222 cum
1681 3166 1776 3221 de-

166 3264 402 3332 struitur,
435 3263 522 3318 vel
576 3262 795 3332 aliquod
835 3279 931 3317 vas
985 3279 1110 3317 cum
1162 3262 1443 3335 frangitur.
1477 3263 1638 3316 Nulla
1666 3278 1768 3317 au-

169 3360 277 3407 tem
308 3354 494 3407 harum
551 3350 612 3406 ﬁt
659 3351 762 3405 nisi
818 3351 906 3407 vel
935 3351 990 3405 in
1036 3366 1281 3422 corpore,
1334 3350 1420 3405 vel
1449 3351 1503 3404 in
1550 3367 1615 3419 re
1648 3367 1769 3420 quae

168 3449 378 3520 corpori
414 3449 627 3504 accidit.
659 3448 767 3504 Sed
795 3447 978 3504 anima
1023 3464 1123 3503 nec
1151 3463 1346 3517 corpus
1375 3456 1473 3514 est,
1507 3463 1607 3503 nec
1638 3447 1766 3502 fun-

169 3540 322 3594 datur
383 3538 439 3592 in
486 3553 730 3609 corpore.
780 3537 941 3592 Nullo
989 3537 1166 3608 itaque
1206 3539 1397 3593 horum
1438 3536 1600 3592 modo
1639 3553 1766 3591 cor-

168 3635 446 3705 rumpitur.
479 3637 742 3691 Praaterea
772 3635 887 3689 hinc
916 3634 1034 3705 ipsa
1062 3634 1340 3690 rationalis
1371 3633 1555 3688 anima
1581 3634 1765 3689 homi-

172 3726 253 3779 nis
269 3725 500 3795 speciem
527 3724 783 3796 complet,
828 3723 1084 3792 quoniam
1114 3723 1232 3793 ipsa
1260 3722 1577 3778 rationalem
1606 3721 1768 3778 efficit

176 3814 462 3869 hominem.

242 3904 477 3957 Morus.
554 3899 697 3970 Quid
757 3900 986 3971 Spiritus
1048 3902 1343 3971 corporalis
1406 3918 1440 3957 a
1515 3901 1763 3958 rationali

173 3989 372 4046 dili‘erat
406 3990 589 4045 anima
626 3998 869 4061 patenter
905 3990 1136 4063 agnovi.
1184 3990 1292 4045 Sed
1332 3990 1590 4061 quoniam
1631 3991 1761 4062 phi-

176 4080 374 4149 losophi
403 4078 586 4135 dicunt
613 4078 670 4132 in
699 4079 946 4134 homines
990 4087 1095 4133 tres
1121 4095 1238 4134 esse
1287 4079 1516 4147 animas,
1547 4080 1761 4149 postulo

179 4177 232 4224 ut
258 4184 497 4239 quanam
526 4170 611 4223 hae
639 4167 747 4221 sint
774 4168 1003 4237 aperias.

247 4276 475 4330 PB’I‘BUS.
507 4275 638 4330 Tres
666 4275 774 4330 illa;
803 4291 936 4345 quas
975 4274 1161 4330 dicunt
1183 4274 1400 4344 animas,
1431 4283 1553 4330 sunt
1582 4276 1764 4331 anima

180 4373 501 4445 Vegetabilis,
530 4373 713 4428 anima
738 4373 997 4439 bestialis,
1031 4373 1214 4427 anima
1248 4372 1544 4428 rationalis.

247 4480 481 4534 Movsss.
530 4479 732 4535 Harum
768 4478 1102 4551 singularum
1162 4494 1329 4550 opera
1376 4487 1431 4534 et
1491 4477 1667 4535 oﬁicia
1704 4486 1761 4533 ut

186 4568 322 4624 dicas
344 4568 641 4638 expostulo.

252 4675 472 4729 ΡΒτιιυε.
515 4673 597 4729 Ab
636 4673 759 4727 imis
813 4672 883 4727 ab
939 4673 1215 4744 superiora
1251 4672 1519 4743 gradatim
1566 4690 1759 4730 ascen-

186 4763 300 4817 dere
349 4762 493 4817 libet.
552 4761 883 4834 Vegetabilis
954 4762 1150 4817 anim
1222 4761 1330 4817 duo
1384 4769 1507 4817 sunt
1560 4762 1756 4819 ofﬁcia.

190 4860 323 4916 Facit
376 4859 519 4915 enim
587 4874 767 4913 rerum
840 4858 1250 4926 incrementum,
1313 4866 1368 4914 et
1445 4861 1762 4930 corporibus

191 4943 306 5020 ipsis
352 4955 563 5019 praestat
615 4946 1024 5002 nutrimentum.
1091 4948 1206 5004 Hoc
1250 4954 1431 5003 autem
1478 4956 1761 5020 utrumque

191 5052 287 5093 non
334 5037 457 5092 facit
509 5036 608 5091 nisi
638 5052 735 5107 per
761 5043 989 5106 quatuor
1016 5043 1219 5092 natura:
1265 5036 1505 5105 virtutes,
1555 5040 1763 5110 appeti_

194 5134 335 5190 tivam
385 5133 604 5199 scilicet,
661 5132 1001 5199 retentivam,
1075 5132 1397 5204 digestivam
1452 5141 1505 5189 et
1564 5136 1761 5205 expul-

193 5223 359 5277 sivam.
390 5222 454 5277 Et
481 5224 598 5276 haec
624 5221 807 5275 anima
835 5221 892 5275 in
935 5220 1189 5276 omnibus
1216 5221 1484 5278 invenitur
1513 5223 1758 5296 virgultis

197 5310 256 5366 de
282 5318 402 5365 terra
443 5309 802 5378 nascentibus,
863 5316 918 5364 et
972 5309 1237 5365 universis
1281 5310 1596 5366 animalium
1626 5329 1757 5384 spe-

196 5408 374 5464 ciebus.
420 5406 609 5463 Ofﬁcia
661 5414 841 5462 autem
888 5406 1128 5461 bestialis
1187 5406 1403 5476 animas,
1461 5425 1588 5466 vere
1640 5418 1764 5466 sunt

199 5506 406 5577 corporis
455 5520 660 5574 sensus,
722 5511 901 5559 motus
958 5503 1120 5559 etiam
1176 5503 1243 5558 de
1280 5504 1400 5559 loco
1438 5505 1508 5560 ad
1556 5506 1756 5563 locum.

201 5594 308 5650 Haec
330 5602 497 5649 autem
535 5593 591 5647 in
637 5593 961 5647 animalibus
1008 5600 1207 5647 tantum
1246 5593 1528 5663 reperitur,
1562 5603 1616 5649 et
1642 5598 1760 5653 haec

200 5692 351 5747 anima
408 5705 529 5744 cum
612 5688 802 5757 spiritu
866 5688 1135 5757 corporali
1201 5691 1355 5759 quasi
1436 5691 1758 5761 quihusdam

201 5779 393 5838 nexibus
417 5777 679 5833 counitur.
727 5776 1024 5832 Rationalis
1059 5785 1238 5833 autem
1266 5779 1464 5836 anima
1494 5782 1609 5837 haec
1637 5791 1761 5840 sunt

203 5878 364 5947 cilicia,
432 5875 700 5946 meditari,
763 5874 1019 5930 meditata
1080 5874 1371 5947 recordari,
1432 5876 1755 5951 discernere,

479 5973 743 6039 PATROL.
796 5969 1039 6036 CLVII.

1879 2005 2027 2061 titiva
2089 2006 2308 2073 scilicet,
2373 2006 2654 2071 retentiva,
2718 2005 2987 2078 digestiva
3054 2015 3106 2062 et
3169 2008 3475 2079 expulsiva.

1877 2094 2203 2163 Corporibus
2266 2102 2445 2150 autem
2510 2095 2819 2165 hujusmodi
2879 2096 3171 2164 procreatis
3225 2095 3479 2152 omnibus

1876 2191 2093 2261 quidem
2158 2191 2477 2264 vegetabilis
2541 2192 2766 2247 adhaesit
2826 2193 3011 2247 anima
3061 2200 3114 2247 et
3159 2209 3256 2248 sua
3307 2194 3361 2248 in
3401 2195 3481 2250 eis

1876 2280 2114 2335 exercuit
2168 2279 2363 2346 ofﬁcia,
2439 2280 2728 2335 crescendo
2792 2280 3012 2347 scilicet,
3081 2282 3364 2338 nutriendo
3428 2300 3484 2359 et

1875 2378 2205 2452 generando.
2255 2378 2635 2435 Subtilioribus
2689 2384 2868 2432 autem
2925 2378 3165 2433 bestialis
3185 2378 3373 2448 juncta
3401 2383 3482 2436 est

1877 2477 2077 2543 anima,
2119 2483 2176 2530 ut
2211 2491 2306 2530 sua
2337 2474 2393 2529 in
2430 2474 2509 2529 eis
2565 2474 2821 2529 exhibere
2867 2482 3051 2544 posset
3103 2474 3297 2545 officia,
3332 2491 3478 2548 prie-

1877 2565 2067 2621 stando
2095 2565 2299 2619 scilicet
2326 2580 2542 2620 sensum
2574 2570 2624 2619 et
2656 2570 2859 2619 motum
2914 2563 2981 2619 de
3010 2564 3130 2619 loco
3177 2564 3246 2619 ad
3276 2565 3477 2621 locum.

1879 2661 2035 2732 Quod
2065 2670 2242 2717 autem
2271 2677 2339 2717 ex
2369 2660 2448 2717 eis
2493 2660 2736 2716 omnium
2781 2659 3212 2728 subtilissimum,
3262 2661 3477 2716 levissi-

1879 2767 2028 2806 mum
2082 2750 2188 2806 fuit
2226 2757 2280 2805 et
2324 2748 2853 2821 temperatissimum,
2886 2754 2940 2803 et
2967 2748 3037 2803 ad
3082 2749 3481 2821 suscipiendam

1879 2848 2141 2904 rationem
2172 2847 2506 2919 aptissimum
2536 2847 2612 2901 illi
2669 2863 2726 2901 se
2782 2845 3058 2902 rationalis
3112 2846 3294 2902 anima
3347 2847 3486 2903 soci-

1792 2967 1809 2974 -
1882 2938 1991 2993 avit
2021 2944 2073 2993 et
2101 2938 2194 2992 illa
2221 2953 2317 2991 sua
2345 2951 2466 3006 qum
2495 2934 2844 3007 pmdiximus
2871 2934 3054 2991 ofticia
3094 2935 3171 2990 ibi
3200 2936 3477 2992 exhibuit.

1883 3028 1999 3082 Hoc
2034 3027 2212 3095 itaque
2242 3026 2404 3080 modo
2428 3024 2588 3093 juxta
2642 3024 2972 3080 voluntatem
3006 3024 3107 3079 Dei
3134 3040 3198 3079 ac
3252 3024 3485 3096 disposi-

1885 3126 2107 3191 tionem,
2142 3130 2247 3178 tres
2285 3122 2391 3177 illae
2421 3121 2616 3177 animm
2672 3137 2863 3176 omnes
2889 3129 3255 3176 convenerunt
3291 3122 3347 3177 in
3378 3123 3484 3178 ho-

1801 3230 1850 3296 ρ
1883 3216 2048 3278 mine.
2078 3214 2134 3268 in
2164 3210 2489 3267 animalibus
2531 3210 2931 3267 irrationalibus
2966 3209 3307 3267 solummodo
3336 3211 3481 3267 duas.

1876 3304 2056 3359 Tertia
2083 3310 2264 3357 autem
2305 3300 2423 3356 sola
2476 3300 2532 3354 in
2580 3299 2864 3355 arboribus
2891 3306 2946 3355 et
2975 3298 3156 3354 herbis
3210 3316 3332 3370 qua;
3360 3316 3483 3356 nas-

1878 3408 2072 3456 cuntur
2094 3399 2162 3454 de
2194 3398 2402 3454 tellure.

1946 3499 2191 3554 Movsns.
2223 3497 2367 3551 Bene
2394 3495 2469 3551 tui
2514 3495 2696 3568 gratia
2739 3494 2884 3566 quod
2916 3494 3237 3566 ignorabam
3292 3504 3479 3552 osten-

1874 3589 2017 3656 disti,
2048 3586 2143 3642 sed
2196 3601 2364 3640 unum
2418 3592 2582 3640 restat
2617 3583 2762 3655 quod
2809 3583 2942 3638 mihi
2989 3584 3200 3654 postulo
3256 3584 3476 3656 aperiri.

1874 3687 2009 3740 Cum
2065 3683 2209 3738 enim
2238 3697 2468 3752 corpora
2518 3681 2703 3737 omnia
2734 3681 2801 3736 de
2830 3688 3059 3751 quatuor
3086 3681 3194 3736 sint
3229 3682 3474 3738 elemen-

1875 3775 1939 3829 tis
1967 3771 2286 3842 composita,
2344 3772 2691 3827 vehementer
2744 3768 2982 3825 admiror
3009 3786 3175 3840 quare
3204 3770 3312 3827 alia
3357 3771 3479 3827 aliis

1873 3863 2102 3919 existant
2122 3861 2343 3928 leviora,

1942 3961 2188 4015 Penus.
2227 3958 2342 4013 Hoc
2386 3955 2650 4030 contingit
2678 3957 2793 4013 sive
2821 3973 2891 4013 ex
2942 3956 3254 4013 diversitate
3309 3974 3478 4029 quan-

1870 4057 2079 4113 titatum
2134 4056 2541 4122 elementorum,
2573 4055 2631 4109 in
2684 4070 2970 4126 corporum
3019 4054 3291 4110 creatione
3330 4055 3467 4113 ina:-

1870 4148 2099 4217 qualiter
2142 4146 2536 4216 adjunctorum,
2567 4152 2620 4198 et
2647 4161 2714 4199 ex
2742 4143 3049 4199 diversitate
3097 4144 3470 4214 temperantia:

1869 4236 2184 4306 qualitatum
2215 4249 2421 4290 eorum.
2472 4231 2630 4302 Quod
2660 4234 2705 4287 si
2735 4233 2938 4305 largius
2966 4247 3123 4289 nosse
3169 4231 3466 4303 desideras,

1869 4333 1925 4388 in
1954 4333 2104 4388 libris
2158 4332 2398 4387 invenies
2454 4331 2917 4403 philosophorum.
2970 4331 3097 4401 quia
3134 4330 3203 4386 ad
3232 4347 3469 4403 presens

1866 4421 1932 4476 de
1989 4420 2296 4491 hujusmodi
2353 4436 2410 4474 re
2453 4419 2812 4491 explananda,
2870 4435 2971 4475 nec
3018 4427 3231 4491 tempus
3285 4420 3459 4476 habe-

1866 4527 2005 4579 mus,
2035 4526 2135 4565 nec
2162 4509 2361 4576 locum,
2418 4508 2487 4564 ad
2543 4516 2779 4564 vestrum
2836 4508 3014 4580 potius
3040 4515 3247 4565 estnos
3287 4509 3463 4567 redire

1790 4592 1846 4652 D
1870 4599 2227 4671 propositum.

1937 4697 2180 4760 Movsss,
2239 4695 2357 4751 Huc
2403 4710 2570 4765 usque
2624 4694 2752 4749 satis
2799 4694 3170 4766 philosophice
3202 4696 3458 4766 tractasti,

1866 4801 1988 4855 quae
2040 4784 2292 4840 distantia
2316 4783 2386 4838 sit
2411 4784 2549 4838 inter
2599 4782 2845 4854 spiritum
2899 4783 3234 4854 corporalem
3259 4793 3311 4839 et
3339 4786 3465 4840 ani-

1866 4889 2012 4928 mam
2059 4873 2395 4929 rationalem.
2472 4872 2579 4927 Sed
2633 4871 2891 4943 quoniam
2948 4871 3125 4926 minus
3181 4871 3463 4929 doctorum

1865 4963 2138 5034 simplices
2175 4968 2381 5017 mentes
2431 4960 2704 5015 subtilium
2760 4960 3027 5016 rationum
3058 4959 3325 5032 profunda
3354 4978 3465 5018 non

1867 5059 2164 5123 penetrant,
2196 5050 2442 5106 eamdem
2472 5047 2827 5105 differentiam
2875 5048 3012 5121 legis
3058 5057 3147 5103 aut
3176 5052 3465 5122 propheta-

1865 5164 1985 5203 rum
2032 5165 2236 5219 quasso,
2268 5148 2312 5201 si
2340 5147 2505 5212 vales,
2564 5145 2869 5201 testimonio
2912 5145 3101 5217 proba,
3132 5153 3191 5200 ut
3236 5162 3464 5217 quorum

1867 5236 2254 5310 profundarum
2333 5236 2602 5292 rationum
2685 5234 2924 5307 gravitas
3006 5250 3114 5290 non
3182 5232 3469 5294 illustravit

1866 5333 2123 5395 mentem,
2154 5326 2232 5380 eis
2259 5325 2447 5381 saltem
2478 5324 2764 5381 auctoritas
2795 5322 2958 5379 iaciat
2985 5321 3169 5378 ﬁdem.

1938 5433 2173 5489 Pn'raus.
2231 5433 2294 5486 In
2347 5430 2569 5486 exordio
2628 5429 2749 5485 libri
2805 5429 3081 5485 Geneseos
3124 5431 3335 5503 Moyses
3392 5434 3468 5490 ait

1865 5523 2163 5593 prepheta:
2190 5521 2472 5576 Formam
2499 5520 2647 5576 Deus
2683 5518 2971 5576 hominem
3003 5517 3070 5575 de
3105 5520 3239 5577 limo
3269 5524 3461 5590 terrae,

1863 5614 1919 5665 et
1932 5610 2236 5683 inspiravit
2245 5609 2309 5665 in
2319 5609 2528 5680 [aciem
2539 5609 2590 5680 ej
2596 5623 2661 5665 ut
2670 5607 3024 5681 spiraculum
3038 5610 3252 5676 vita,“
3268 5611 3466 5681 factu:

1864 5710 1948 5763 est
1967 5709 2131 5766 homo
2144 5708 2208 5763 in
2223 5707 2481 5763 animum
2498 5710 2781 5764 viventem
2800 5705 2973 5777 (Gen.
3005 5705 3087 5775 ιι),
3112 5721 3211 5777 per
3229 5707 3466 5777 spiracu-

1864 5794 1974 5850 lum
2004 5797 2208 5852 scilicet
2252 5796 2377 5852 vitae
2417 5796 2664 5868 spiritum
2709 5795 3069 5868 corporalem,
3101 5811 3199 5866 per
3226 5797 3469 5853 animam

1865 5900 1996 5945 vero
2025 5886 2320 5957 viventem,
2351 5885 2671 5947 rationalem
2700 5885 3008 5960 intelligens
3038 5884 3297 5941 animam.

3070 5980 3153 6064 is
