3966 6480
508 374 611 435 581
1443 374 1644 441 PETRI
1680 384 2024 445 ALPHONSI
2064 389 2162 445 ax
2198 384 2436 447 meno
2476 382 2872 455 CHRISTIANI
3705 411 3813 468 sss

577 501 827 560 Mersus.
860 503 961 560 Per
984 502 1309 577 spiraculum
1348 504 1474 562 vita:
1518 508 1836 565 rationalem
1863 511 2102 567 animam
2131 519 2187 585 Α
2216 513 2361 583 quod
2388 514 2570 571 anima
2595 518 2794 574 redibit
2820 520 2891 576 ad
2915 536 3128 594 corpus,
3160 532 3215 581 et
3234 524 3569 596 judicabitur
3610 542 3814 591 utrum-

505 606 791 663 possumus
819 607 917 650 nos
943 593 1265 668 intelligere.
2210 618 2313 671 que
2352 602 2403 669 (ι
2432 603 2552 662 Cor.
2592 621 2721 676 xm;
2744 608 2809 663 II
2840 609 2960 667 Cor.
2994 593 3128 684 nul
3150 593 3334 673 Thess.
3359 619 3457 690 IV).
3494 621 3597 678 Hic
3628 631 3807 680 autem

578 691 815 747 pmus,
846 690 1003 762 Quod
1050 693 1185 750 dicis
1237 701 1376 750 stare
1421 710 1532 750 ηοη
1581 701 1773 767 potest,
1807 700 1867 755 In
1905 699 2099 757 eodem
2207 706 2393 746 sensus
2412 691 2467 746 in
2488 693 2629 749 illius
2667 699 2968 769 prophetiae
2989 702 3367 773 explanatione
3386 724 3517 764 sano
3536 710 3807 771 intellectu

501 789 647 845 enim
692 790 794 847 lib.
833 790 886 846 in
927 792 1273 863 sequentibus
1312 793 1567 865 scriptum
1612 802 1728 851 est:
1753 797 2098 871 Consumpta

501 882 588 936 est
609 881 796 936 omnis
821 895 957 937 caro
977 897 1100 953 qua
1127 881 1457 939 movebatur
1494 899 1667 955 super
1689 888 2093 955 terram,volu-

498 975 1105 1043 crum,animantium,
1130 976 1443 1034 bestiarum
1467 980 1637 1050 atque
1652 981 1944 1052 reptiltum
1970 998 2094 1054 qua!

496 1076 728 1147 reptant
737 1089 906 1147 super
921 1078 1137 1131 terram
1147 1075 1252 1131 uni
1262 1076 1407 1132 versi
1428 1074 1703 1143 homines,
1723 1082 1782 1134 et
1799 1084 2012 1135 cuncta
2027 1080 2090 1136 in

495 1161 693 1236 quibus
719 1164 1074 1237 spiraculum
1100 1165 1232 1220 vita:
1266 1168 1375 1232 est,
1407 1166 1472 1221 in
1504 1168 1661 1222 terra
1701 1169 1927 1225 mortua
1949 1172 2088 1225 sunt

491 1250 660 1323 (Gen.
688 1253 809 1323 vn).
849 1253 988 1309 Ecce
1022 1253 1349 1310 enumeratis
1366 1254 1694 1324 volucribus,
1727 1256 2090 1311 animantibus

488 1348 778 1405 bestiarum
790 1357 950 1421 atque
959 1349 1381 1422 reptilibus,sive
1390 1350 1901 1419 hominibus,subito
1914 1353 2090 1409 intulit

482 1446 674 1493 cuncta
690 1438 745 1493 in
757 1438 952 1510 quibus
961 1447 1041 1494 est
1050 1438 1375 1509 spiraculum
1390 1438 1512 1497 vitae
1524 1448 1736 1495 mortua
1750 1449 1890 1496 sunt.
1905 1441 1962 1497 Si
1974 1442 2086 1515 igi-

480 1535 567 1584 tur
581 1528 1013 1599 perspiraculum
1033 1528 1159 1585 vitae
1170 1527 1408 1584 animam
1421 1527 1649 1601 intelligi
1660 1528 2085 1587 voluissetratio—

478 1625 677 1697 nalem,
703 1628 822 1699 jam
850 1633 1043 1682 cuncta
1068 1624 1388 1682 rationalem
1436 1626 1675 1683 animam
1719 1627 1938 1684 habent.
1974 1627 2082 1685 Sed

475 1733 597 1773 cum
625 1716 775 1772 nulla
801 1723 1045 1773 creatura
1072 1723 1269 1787 praeter
1304 1715 1583 1772 hominem
1610 1716 1932 1774 rationalem
1976 1719 2079 1773 ha-

471 1806 600 1863 beat
623 1805 884 1873 animam,
915 1811 1124 1865 constat
1168 1804 1294 1876 quia
1322 1820 1421 1877 per
1445 1805 1773 1877 spiraculum
1820 1806 1946 1863 vita:
1975 1823 2078 1863 ne-

2204 788 2415 858 concipi
2446 798 2641 860 potest,
2683 792 2756 849 ita
2797 803 2856 850 ut
2884 813 2983 853 nec
3027 798 3302 871 Scriptura
3329 803 3509 875 aliqua
3535 808 3625 863 vel
3668 810 3803 866 ratio

2203 877 2313 932 ulla
2343 878 2419 933 eis
2448 879 2692 936 videatur
2735 886 3022 943 contraria.
3056 887 3326 961 Quidquid
3357 901 3535 950 autem
3564 897 3621 952 in
3649 906 3799 955 tene-

2201 964 2377 1022 brosis
2407 966 2564 1024 dictis
2607 974 3012 1043 prophetarum,
3047 978 3229 1034 multis
3264 979 3436 1050 accipi
3476 990 3649 1053 potest
3677 1000 3801 1039 mo-

2200 1063 2301 1133 dis,
2335 1066 2408 1121 ita
2436 1074 2492 1122 ut
2519 1068 2639 1139 quis
2667 1086 2788 1126 eam
2811 1087 3112 1144 exponens,
3145 1091 3244 1131 nec
3281 1093 3314 1133 a
3342 1078 3629 1152 Scriptura:
3661 1083 3801 1139 testi-

2198 1154 2403 1224 monio,
2452 1172 2553 1211 nec
2581 1173 2612 1212 a
2663 1159 2886 1216 rationis
2940 1164 3209 1219 exorbitet
3258 1167 3471 1236 semita,
3530 1170 3663 1225 nihil
3720 1181 3799 1226 est

2197 1241 2581 1300 inconveniens
2608 1246 2653 1301 si
2678 1248 2797 1318 quis
2851 1265 2971 1305 eam
3023 1252 3256 1323 diverso,
3316 1256 3410 1310 sed
3448 1257 3590 1328 justo
3619 1275 3795 1331 expo-

2196 1332 2361 1387 suerit
2385 1348 2562 1389 sensu.
2597 1335 2653 1391 Si
2683 1336 2837 1407 cujus
2881 1347 3061 1395 autem
3108 1342 3228 1397 talis
3252 1343 3321 1397 sit
3347 1346 3630 1417 expositio,
3673 1364 3793 1421 quae

2196 1430 2280 1483 vel
2344 1446 2378 1485 a
2433 1430 2710 1503 Scriptura
2766 1435 2915 1492 vela
2943 1438 3151 1494 ratione
3187 1448 3280 1496 aut
3305 1441 3375 1496 sit
3424 1452 3514 1499 aut
3551 1444 3793 1501 videatur

2192 1527 2467 1589 extranea,
2524 1537 2590 1576 ea
2628 1522 2777 1592 justo
2820 1523 3027 1595 judicio
3058 1543 3239 1584 carere
3294 1530 3496 1585 viribus
3533 1541 3611 1587 est
3640 1536 3791 1590 aesti-

2190 1607 2408 1664 manda.
2441 1608 2709 1679 Quoniam
2739 1627 2871 1685 ergo
2909 1622 2997 1670 tua
3023 1616 3332 1687 explanatio
3364 1627 3469 1675 tam
3500 1619 3788 1692 Scriptura:

2188 1712 2351 1766 quam
2377 1697 2573 1754 rationi
2621 1699 2891 1758 invenitur
2943 1705 3232 1778 contraria,
3279 1708 3541 1779 aequitatis
3578 1708 3788 1781 judicio

2187 1801 2267 1849 est
2293 1795 2625 1867 repellenda.

470 1918 742 1975 quaquam
768 1902 1088 1959 rationalem
1116 1900 1500 1976 signiﬁcaverit
1525 1902 1784 1959 animam.
1819 1904 2081 1962 Salomon
2108 1887 2165 1952 Β
2262 1893 2509 1951 MOYSBS-
2542 1894 2791 1965 Quonam
2834 1897 2999 1956 modo
3053 1902 3317 1960 sententia
3367 1920 3488 1962 mea
3514 1905 3582 1963 sit
3635 1906 3787 1964 scn'-

469 2009 685 2064 quoque
710 1991 1137 2063 sapientissimus
1162 1991 1308 2047 idem
1341 1992 1577 2048 sentiens
1598 1993 1706 2048 ait:
1753 1993 1887 2063 Quis
1915 1994 2080 2050 novit

466 2092 519 2146 si
529 2090 771 2163 spiritus
788 2090 1043 2160 ﬁliorum
1054 2092 1103 2145 A
1111 2089 1243 2146 dam
1253 2091 1846 2159 ascendatsursum,et
1857 2092 1909 2149 si
1918 2092 2078 2165 spiri-

467 2184 563 2236 tus
560 2179 592 2253 j
595 2186 963 2237 umontorum
973 2179 1279 2237 descendat
1291 2180 1552 2238 deorsum
1567 2181 1808 2254 ?(Eccle.
1823 2181 2075 2252 m.)Ecce

466 2268 712 2342 spiritum
732 2268 968 2325 hominis
995 2268 1254 2340 quoniam
1282 2277 1407 2339 post
1441 2285 1637 2342 corpus
1682 2270 2070 2342 incorruptibi-

464 2369 531 2425 lis
578 2373 880 2441 permanet,
925 2383 1137 2422 sursum
1182 2366 1492 2433 ascendere,
1542 2368 1790 2439 spiritum
1828 2384 1959 2425 vero
1984 2367 2073 2438 ju-

463 2464 771 2515 mentorum
827 2455 919 2527 qui
974 2472 1098 2512 cum
1147 2471 1375 2527 corpore
1412 2455 1573 2511 simul
1628 2457 1993 2527 corrumpitur
2020 2463 2074 2512 et

464 2546 664 2616 interit,
685 2545 937 2603 deorsum
965 2544 1291 2601 descendere
1320 2545 1584 2616 perhibet.

533 2654 781 2710 Movsas.
813 2649 971 2707 Aliud
996 2650 1316 2708 rationalem
1353 2650 1614 2721 animam,
1647 2650 1793 2708 aliud
1819 2651 2067 2724 spiritum

456 2742 795 2817 corporalem
823 2756 941 2797 esse
968 2755 1037 2797 ex
1064 2739 1318 2796 omnibus
1367 2740 1608 2811 partibus
1652 2740 1937 2797 manifeste
1968 2757 2066 2797 co-

456 2842 645 2917 gnovi,
703 2841 990 2914 ipsumque
1044 2838 1291 2911 spiritum
1340 2840 1679 2911 corporalem
1717 2838 1787 2895 de
1837 2847 2067 2910 quatuor

457 2943 847 3000 elementorum
876 2936 1256 3009 conjunctione
1274 2934 1409 2993 ﬁeri.
1449 2936 1709 3006 Spiritum
1741 2952 1871 3009 ergo
1901 2953 2064 3007 quem

459 3030 706 3089 Ezechiel
735 3030 998 3102 propheta
1025 3044 1059 3083 a
1086 3033 1315 3099 quatuor
1344 3026 1529 3082 mundi
1580 3027 1821 3099 partibus
1866 3043 1935 3083 cx
1965 3028 2064 3083 Dei

447 3130 603 3202 jussu
631 3128 816 3184 venire
845 3125 1103 3199 praecepit
1130 3123 1352 3196 (Ezech.
1381 3125 1631 3195 xxxvn),
1662 3125 1909 3195 spiritum
1935 3141 2062 3181 cor-

455 3220 699 3294 poralem
754 3216 984 3289 intelligi
1036 3215 1234 3271 debere
1283 3229 1578 3288 cognosco,
1621 3222 1676 3271 et
1720 3215 1788 3271 de
1837 3215 2064 3271 mortuis

453 3333 588 3390 quos
612 3314 888 3374 suscitavit
915 3312 1061 3385 quod
1096 3312 1416 3368 rationalem
1446 3311 1685 3367 animam
1715 3319 2055 3381 receperunt,

450 3407 576 3463 licet
599 3405 677 3462 sic
704 3420 738 3462 a
764 3402 947 3460 multis
974 3401 1240 3468 credatur,
1268 3401 1491 3468 nullam,
1513 3398 1791 3466 conﬁteor,
1816 3401 2056 3457 auctori-

450 3502 616 3552 tatem
652 3493 886 3565 reperio.
926 3493 1108 3563 Ipsam
1168 3496 1351 3546 tamen
1405 3504 1624 3561 quoquo
1681 3489 1849 3567 modo
1915 3489 2059 3546 facta

449 3595 612 3653 fuerit
663 3591 1130 3661 resurrectionem,
1190 3590 1406 3663 signum
1454 3588 1648 3645 futurae
1702 3589 2057 3646 resurrectio-

447 3685 553 3752 nis,
585 3691 641 3742 et
665 3683 788 3739 dico
816 3689 872 3738 et
896 3679 1058 3738 credo
1106 3679 1292 3747 fuisse,
1343 3677 1490 3749 quod
1536 3678 1681 3734 Deus
1706 3678 1913 3735 scilicet
1949 3693 2056 3735 no-

450 3782 589 3831 stros
616 3770 938 3845 quandoque
967 3769 1060 3842 qui
1082 3768 1261 3826 denuo
1291 3775 1459 3824 terras
1488 3767 1791 3823 inhabitent
1820 3767 2055 3824 resusci-

449 3879 654 3930 taturus
680 3871 749 3926 sit
786 3876 1047 3937 mortuos,
1105 3864 1565 3937 quemadmodum
1597 3863 1742 3921 idem
1792 3866 2057 3937 propheta

446 3962 691 4036 superius
707 3957 1162 4017 ostenditdicens:
1188 3955 1260 4011 Et
1285 3954 1480 4012 scietis
1494 3954 1630 4027 quia
1657 3969 1753 4028 ego
1781 3954 2055 4012 Dominus

446 4064 860 4126 cumaperuero
879 4046 1143 4120 sepulcra
1159 4048 1364 4112 vestra,
1390 4046 1448 4100 et
1467 4042 1725 4100 eduxere
1752 4060 1845 4102 vos
1864 4043 1931 4101 de
1952 4047 2054 4100 tu-

448 4143 626 4201 mulis
635 4139 840 4198 vestris
849 4136 1092 4212 populus
1101 4150 1278 4204 meus,
1295 4137 1353 4190 et
1363 4132 1563 4190 dedero
1575 4133 1850 4205 spiritum
1862 4149 2057 4190 mcum

449 4232 754 4299 invobis,et
774 4226 1060 4294 viceritis,
1077 4228 1135 4283 et
1146 4225 1494 4297 requiescere
1518 4239 1612 4279 vos
1636 4224 1857 4295 faciam
1886 4238 2057 4296 super

453 4329 692 4389 humum
710 4330 959 4385 vestram
988 4322 1190 4396 (ibid.).

524 4430 763 4484 Pnnns.
793 4423 911 4481 Hoc
936 4437 1066 4478 sane
1086 4420 1259 4494 potuit
1310 4419 1417 4476 dici
1464 4419 1533 4476 de
1590 4425 1927 4476 mortuorum
1959 4435 2053 4475 re-

455 4523 799 4584 suscitatione
826 4519 884 4577 in
909 4519 998 4576 die
1018 4517 1232 4589 judicii.

2183 1988 2356 2051 pturae
2383 1985 2673 2053 contraria,
2704 1986 2892 2043 audire
2919 1989 3168 2046 delectat.

2256 2088 2488 2145 Psrans.
2520 2092 2696 2149 David
2724 2096 2988 2166 propheta
3011 2097 3082 2153 de
3109 2096 3332 2155 mortuis
3368 2100 3540 2157 taliter
3566 2101 3737 2175 inquit
3765 2122 3778 2159 :

2181 2177 2454 2251 Sepulcra
2463 2195 2658 2238 eorum
2669 2182 2868 2241 domus
2879 2185 3113 2243 illorum
3123 2189 3187 2244 in
3198 2192 3505 2259 internum;
3524 2192 3784 2249 taberna-

2182 2268 2314 2324 cula
2331 2283 2526 2325 eorum
2540 2271 2605 2326 in
2621 2274 2893 2345 progenie
2925 2275 3081 2345 (Psal
3108 2278 3317 2349 xnvm).
3349 2280 3481 2334 Item
3501 2278 3569 2335 de
3588 2281 3781 2336 eadem

2180 2371 2240 2411 re
2255 2355 2546 2414 :Introibit
2564 2376 2740 2434 usque
2754 2362 2819 2417 in
2848 2367 3143 2436 progenies
3164 2370 3399 2439 patrum
3422 2384 3682 2435 suorum,
3721 2375 3779 2427 et

2180 2461 2356 2518 usque
2394 2449 2459 2504 in
2479 2451 2762 2506 internum
2794 2468 2911 2510 non
2944 2454 3148 2511 videbit
3171 2456 3362 2513 lumen
3395 2456 3609 2527 (ibid.).
3643 2460 3778 2515 Item

2179 2534 2345 2590 alibi:
2414 2537 2575 2593 Sicut
2618 2539 2912 2597 vulnerati
2957 2543 3303 2602 dormientes
3351 2547 3415 2601 in
3473 2547 3774 2619 sepulcris,

2177 2639 2417 2695 quorum
2432 2641 2549 2684 non
2571 2642 2630 2682 es
2648 2643 2866 2685 memor
2880 2632 3148 2703 amplius,
3180 2636 3241 2690 et
3255 2633 3369 2707 ipsi
3383 2633 3450 2691 de
3466 2651 3645 2691 manu
3676 2640 3777 2692 tua

2174 2722 2392 2794 repulsi
2411 2724 2735 2795 sunt(Psal.
2760 2731 3041 2798 Lxxxvu).
3076 2728 3177 2785 Job
3189 2730 3349 2787 etiam
3371 2730 3512 2787 idem
3541 2732 3778 2788 sentiens

2174 2818 2329 2874 dicit:
2349 2820 2627 2879 Memento
2643 2823 2776 2895 quia
2802 2828 3006 2883 ventus
3032 2831 3120 2883 est
3149 2828 3266 2884 vita
3280 2844 3425 2898 mea,
3467 2833 3524 2886 et
3540 2846 3658 2886 non
3682 2847 3775 2888 re—

2173 2919 2429 2973 vertetur
2447 2918 2650 2975 oculus
2666 2934 2826 2977 meus
2840 2926 2906 2979 ut
2923 2921 3113 2980 videat
3127 2924 3289 2992 bona,
3312 2939 3417 2982 nec
3434 2927 3669 2999 aspiciet
3681 2944 3777 2985 me

2171 3016 2322 3072 visus
2333 3016 2600 3075 hominis.
2618 3018 2782 3077 Oculi
2796 3022 2885 3077 tui
2894 3021 2958 3078 in
2969 3026 3144 3090 me,et
3156 3040 3272 3080 non
3281 3025 3776 3084 subsistam.Sicut

2169 3114 2532 3172 consumitur
2549 3117 2725 3174 nubes
2746 3121 2805 3175 et
2816 3123 3156 3192 pertransit,
3174 3122 3259 3178 sic
3272 3124 3367 3196 qui
3384 3123 3670 3182 descendit
3695 3124 3773 3181 ad

2169 3210 2384 3281 inferos
2404 3229 2519 3271 non
2534 3214 2820 3285 ascendet,
2842 3233 2945 3274 nec
2962 3223 3282 3277 revertetur
3298 3222 3453 3278 ultra
3467 3222 3529 3277 in
3540 3222 3771 3279 domum

2168 3323 2464 3375 suam,nee
2481 3317 2914 3384 cognosceteum
2933 3316 3182 3389 amplius
3197 3317 3350 3375 locus
3370 3334 3399 3375 e
3412 3319 3511 3391 jus
3531 3319 3646 3390 (Job
3665 3320 3769 3389 vn)

2168 3396 2317 3452 Idem
2339 3397 2497 3454 alibi:
2531 3400 2735 3458 Vadam
2770 3406 2828 3459 et
2851 3419 2966 3460 non
2995 3410 3251 3463 revertar
3268 3406 3340 3463 ad
3369 3411 3581 3465 terram
3601 3412 3767 3465 tene-

2167 3494 2395 3552 brosam
2443 3497 2581 3566 (Job.
2606 3500 2836 3570 x).Item
2879 3500 3056 3559 idem:
3086 3504 3255 3561 Homo
3293 3520 3423 3561 cum
3467 3505 3767 3564 dormierit

2168 3600 2283 3641 non
2304 3592 2564 3658 resurget
2584 3588 2704 3659 (Job
2730 3591 2868 3662 xxv).
2912 3591 3171 3649 Salomon
3213 3593 3375 3650 etiam
3403 3593 3486 3649 his
3528 3610 3767 3651 consona

2166 3674 2329 3730 sentit
2364 3675 2580 3732 dicens:
2650 3677 2913 3738 Viventes
2944 3683 3139 3738 sciunt
3178 3698 3238 3740 se
3282 3699 3401 3741 esse
3434 3684 3761 3751 morituros,

2164 3774 2381 3830 mortui
2396 3789 2523 3831 vero
2540 3774 2691 3832 nihil
2720 3783 2940 3835 norunt
2956 3780 3222 3853 amplius,
3247 3796 3350 3838 nec
3369 3781 3572 3839 habent
3604 3783 3765 3839 ultra

2162 3863 2637 3937 mercedem,quia
2651 3865 2917 3924 oblivioni
2935 3868 3148 3925 tradita
3163 3873 3247 3926 est
3262 3872 3533 3927 memoria
3544 3886 3760 3927 eorum.

2163 3947 2348 4007 Amor
2375 3967 2589 4025 quoque
2617 3957 2675 4009 et
2699 3953 2892 4012 odium
2926 3959 2985 4012 et
3014 3957 3235 4013 invidia
3273 3958 3447 4015 simul
3472 3958 3762 4032 peribunt,

2163 4052 2268 4095 nec
2284 4037 2489 4096 habent
2506 4046 2735 4113 partem
2757 4044 2819 4101 in
2839 4045 2941 4103 hoc
2954 4046 3159 4103 saeculo
3180 4050 3238 4103 et
3249 4046 3314 4103 in
3331 4063 3493 4120 opere
3508 4047 3650 4121 quod
3661 4049 3763 4105 sub

2163 4126 2278 4183 sole
2296 4129 2525 4200 geritur
2545 4130 2751 4202 (Eccle.
2783 4134 2889 4205 rx).
2903 4134 3042 4191 Ecce
3052 4134 3310 4192 Salomon
3320 4136 3756 4206 sapientissimus,

2164 4232 2481 4283 caeterorum
2512 4229 2917 4287 auctoritatibus
2963 4246 3186 4288 concors
3218 4232 3416 4302 existit,
3447 4233 3588 4304 quod
3617 4250 3761 4291 mor-

2164 4314 2238 4370 tui
2266 4315 2474 4373 sciiicet
2501 4317 2570 4373 ad
2600 4319 2704 4376 hoc
2734 4327 2794 4375 ut
2839 4327 3006 4377 terras
3034 4320 3352 4392 inhabitant,
3409 4322 3755 4379 resuscitandi

2162 4428 2272 4470 non
2300 4413 2426 4483 sint,
2460 4423 2514 4471 et
2541 4423 2723 4473 tamen
2759 4417 2905 4490 quod
2940 4419 3263 4492 quandoque
3306 4428 3583 4495 resurgant
3626 4438 3757 4494 per-

2162 4503 2316 4559 hibet
2359 4504 2563 4574 dicens,
2610 4507 2756 4578 quod
2797 4524 2909 4565 non
2948 4509 3151 4567 habent
3192 4518 3398 4583 partem
3428 4510 3484 4567 in
3510 4510 3592 4567 his
3634 4527 3754 4583 quae

520 4635 769 4691 Mersus.
802 4628 861 4686 Si
886 4627 954 4683 de
1005 4626 1099 4682 illo
1152 4623 1380 4698 intelligi
1418 4623 1639 4680 volebat
1674 4623 1901 4695 judicio,
1941 4640 2051 4682 non
2078 4620 2133 4682 D
2162 4600 2406 4698 iubs?”
2432 4604 2799 4698 gemnturrifl
2854 4614 2933 4698 g8}
2972 4606 3028 4661 in
3076 4606 3318 4698 ter‘l‘eniS.
3349 4608 3578 4698 petghocA
3608 4608 3757 4665 vide-

448 4733 711 4792 debuerat
735 4728 791 4784 in
818 4724 1096 4783 sententiae
1123 4721 1231 4779 ﬁne
1258 4721 1436 4777 dicere
1470 4723 1819 4795 requiescere
1857 4737 1950 4781 vos
1973 4724 2053 4795 [α.

448 4826 599 4884 ciam
618 4834 789 4895 super
801 4817 1037 4874 humum
1055 4817 1321 4870 vestram.
1339 4812 1489 4865 Tunc
1506 4810 1650 4865 enim
1674 4809 1878 4866 nemini
1889 4826 2055 4881 super

450 4923 646 4971 terram
675 4924 830 4966 suam
857 4904 1192 4976 requiescere
1218 4901 1422 4957 licitum
1453 4899 1574 4955 erit.

516 5012 757 5068 Paraus.
787 5003 1020 5075 Requies
1047 5001 1149 5056 ista
1202 5000 1306 5056 hoc
1357 4997 1521 5054 modo
1570 4997 1740 5070 accipi
1770 5005 1962 5071 potest,
1995 5006 2055 5054 ut

448 5111 688 5170 animam
715 5100 984 5178 signiﬁcet
1026 5098 1361 5170 requiescere
1391 5096 1446 5152 in
1475 5111 1720 5169 corpore,
1769 5096 1914 5167 quod
1943 5114 2052 5153 non

439 5197 716 5261 immerito
744 5201 901 5250 teme
947 5188 1167 5247 nomine
1196 5187 1262 5243 de
1312 5202 1418 5257 qua
1445 5192 1717 5257 sumptum
1756 5194 1836 5242 est
1863 5188 2051 5260 expri-

440 5291 623 5354 mitur,
668 5290 803 5341 teste
830 5281 1048 5352 insuper
1075 5276 1367 5346 Scriptura.
1400 5290 1522 5345 qua:
1569 5273 1877 5344 frequenter
1920 5274 2052 5331 illud

445 5373 665 5432 nomine
691 5377 847 5425 terrae
863 5362 1118 5436 appellat.
1152 5360 1237 5415 Ait
1278 5359 1423 5415 enim
1470 5359 1713 5429 Moyses:
1766 5360 2051 5417 Formavit

449 5462 590 5521 Deus
615 5458 903 5518 hominem
920 5453 988 5510 de
1024 5452 1159 5508 limo
1187 5453 1357 5507 terra:
1376 5449 1538 5518 (Gen.
1571 5447 1655 5518 η).
1685 5447 1828 5504 Ecce
1881 5450 2048 5506 homo

444 5575 566 5615 cum
586 5562 815 5629 quatuor
849 5550 1239 5607 elementorum
1262 5545 1323 5601 ﬁt
1355 5544 1734 5615 conjunctione
1756 5544 2044 5616 perfectus,

446 5654 513 5711 de
541 5664 682 5712 terra
710 5657 916 5707 tantum
968 5662 1091 5717 quae
1141 5651 1222 5700 est
1248 5659 1416 5699 unum
1474 5643 1804 5698 elementum
1851 5643 2049 5700 dicitur

445 5741 637 5808 factus,
666 5738 763 5796 sed
789 5751 899 5793 non
927 5732 1385 5801 inconvenienter,
1443 5731 1572 5801 quia
1627 5738 1782 5787 terrae
1824 5732 2046 5789 nomine

446 5828 712 5902 signiﬁcat
763 5839 976 5895 corpus.
1031 5821 1337 5893 Intelligere
1392 5834 1677 5891 possumus
1723 5835 1855 5893 ergo
1897 5821 2045 5893 quod

450 5917 597 5991 dicit,
637 5913 801 5972 faciet
820 5926 939 6003 ‘eos
991 5908 1328 5982 requiescam
1380 5923 1542 5982 super
1594 5909 1820 5966 humum
1864 5927 2039 5981 suam,

774 6032 781 6035 ι
816 6006 839 6041 ι

2159 4690 2287 4748 licet
2312 4690 2560 4761 innuens,
2592 4694 2739 4765 quod
2766 4694 2823 4750 in
2869 4695 2953 4751 his
2980 4703 3188 4769 partem
3226 4696 3333 4752 sint
3358 4696 3604 4765 habituri,
3634 4713 3752 4769 qua:

2161 4796 2325 4852 supra
2344 4781 2517 4837 solem
2545 4780 2701 4850 ﬁunt,
2732 4783 2789 4838 id
2816 4791 2897 4840 est
2916 4783 2971 4839 in
3000 4784 3324 4841 caelestibus.

2230 4887 2476 4945 Mersus.
2508 4889 2935 4948 Introductarum
2961 4891 3228 4949 rationum
3257 4900 3349 4949 aut
3385 4892 3750 4951 auctoritatum

2161 4977 2424 5035 medietas
2470 4976 2700 5051 Sapienti
2755 4981 2979 5039 cuilibet
3029 4983 3158 5039 satis
3198 4981 3483 5040 sufﬁceret.
3520 4983 3748 5039 Verum-

2158 5081 2341 5131 tamen
2362 5077 2617 5147 quoniam
2646 5080 3039 5150 expositionem
3066 5088 3301 5136 nostram
3331 5088 3438 5136 tam
3469 5079 3748 5152 Scriptum

2158 5179 2321 5233 quam
2374 5166 2569 5223 rationi
2616 5168 2942 5225 contrariam
2995 5186 3111 5225 esse
3140 5169 3342 5240 dixisti,
3372 5177 3534 5226 restat
3576 5177 3747 5226 osten-

2157 5261 2256 5317 das
2274 5262 2328 5318 in
2357 5280 2467 5334 quo
2493 5281 2525 5321 a
2556 5264 2761 5322 ratione
2781 5266 3074 5324 dissentiat.

2231 5368 2463 5429 Parens.
2497 5373 2690 5429 Nonne
2737 5374 2952 5430 creditis
3006 5374 3151 5446 quia,
3201 5391 3322 5431 cum
3369 5373 3525 5432 vestri
3576 5390 3745 5431 resur-

2154 5459 2334 5515 rexint
2386 5462 2583 5517 mortui
2635 5463 2959 5533 adveniente
3014 5472 3195 5530 uncto,
3235 5464 3403 5520 Adam
3459 5480 3666 5536 quoque
3693 5472 3745 5520 et

2154 5544 2311 5618 Seth,
2341 5550 2714 5620 Mathusalem,
2736 5552 3029 5618 Abraham,
3063 5555 3215 5609 Isaac
3245 5561 3300 5609 et
3327 5553 3511 5617 Jacob.
3541 5553 3746 5624 Moyses

2155 5650 2210 5698 et
2264 5645 2461 5709 Aaron,
2517 5640 2804 5712 caeterique
2867 5642 3185 5714 patriarchae
3248 5649 3301 5699 et
3347 5643 3637 5714 prophetis,
3694 5650 3745 5698 et

2154 5741 2345 5783 omnes
2379 5725 2511 5795 justi
2541 5726 2633 5795 qui
2662 5732 2789 5782 ante
2813 5725 3105 5784 adventum
3132 5725 3253 5796 ejus
3290 5725 3555 5793 obierunt,
3595 5727 3739 5797 pari-

2154 5830 2234 5879 ter
2259 5838 2385 5881 cum
2413 5824 2493 5878 eis
2512 5822 2619 5878 sint
2644 5822 3010 5891 resurrecturi,
3061 5829 3117 5878 et
3146 5821 3331 5879 omnia
3374 5822 3593 5879 humani
3618 5838 3743 5880 cor-

2151 5911 2299 5986 poris
2325 5911 2503 5971 oﬁicia
2542 5920 2766 5988 agentes
2804 5922 2858 5971 et
2900 5912 3186 5985 patientes,
3217 5912 3574 5987 pristinosun
3615 5912 3743 5975 rima
