3966 6398
212 403 318 456 589

1704 397 2013 456 DlALOGL

3405 405 3509 458 590

212 525 540 593 recolentes,
570 526 792 598 antiquo
819 540 975 582 more
1005 533 1178 581 terras
1207 524 1386 581 denuo
1415 527 1520 581 sint
1541 524 1807 580 inhabita-
1831 523 1885 584 A
1919 525 2108 594 cietur,
2140 524 2288 582 velut
2316 525 2594 581 Abraham
2615 531 2669 582 et
2696 525 2892 596 David,
2942 532 2997 581 et
3043 526 3225 594 Josue,
3277 541 3505 599 quorum

206 614 334 684 turi,
367 624 418 670 et
447 618 627 671 Aaron
657 631 722 672 ac
750 614 843 670 ﬁlii
873 616 991 684 ejus
1021 614 1349 671 sacriﬁcium
1381 623 1437 670 ut
1464 615 1594 671 olim
1638 614 1801 671 obla-

209 704 334 773 turi,
359 713 411 760 et
445 707 678 776 aMoyse
698 704 1135 760 sacerdotalibus
1158 704 1494 760 vestimentis
1538 703 1801 758 induendi

212 793 320 847 sint
339 792 366 847 ?

285 892 528 946 Marses.
553 892 632 947 Ita
645 895 868 946 nostros
889 891 1136 948 doctores
1153 898 1351 947 cuncta
1371 890 1574 946 dixisse
1597 905 1804 962 negare

212 993 323 1033 non
350 979 531 1034 valeo.

286 1076 428 1130 Pera
443 1092 525 1131 us.
559 1075 824 1145 Quisnam
846 1092 982 1149 rogo
1012 1084 1138 1132 tunc
1188 1077 1455 1132 maximus
1515 1076 1614 1132 erit
1661 1091 1804 1147 pon-

213 1163 340 1220 tifex
362 1166 390 1218 ‘?

285 1265 536 1318 Morsas.
578 1262 714 1329 Quis
743 1266 930 1320 Aaron
960 1265 1131 1332 major
1161 1280 1284 1320 esse
1313 1262 1559 1336 poterit?

285 1360 524 1413 Pramus.
559 1359 702 1428 Quid
735 1360 908 1432 igitur
936 1362 1004 1416 de
1035 1361 1299 1417 Eleazaro
1342 1360 1638 1431 multisque
1687 1357 1808 1413 aliis

211 1454 340 1502 tunc
369 1446 480 1513 ﬁet,
517 1449 608 1519 qui
638 1449 768 1504 olim
798 1465 988 1504 omnes
1025 1448 1224 1504 summi
1270 1448 1422 1504 fuere
1466 1446 1753 1520 pontiﬁces
1781 1447 1810 1502 ?

211 1536 456 1591 Eruntne
485 1536 648 1592 simul
679 1553 786 1593 uno
817 1546 1065 1608 tempore
1094 1538 1333 1600 maximi,
1364 1553 1433 1592 an
1468 1537 1612 1591 illius
1671 1536 1812 1590 ordi-

213 1625 307 1680 nis
338 1623 597 1695 dignitate
627 1626 991 1696 privabuntur
1010 1627 1038 1679 Ε)
1069 1626 1124 1681 Si
1155 1626 1357 1681 dixeris
1387 1626 1606 1680 vivente
1627 1627 1810 1680 Aaron

213 1738 310 1778 eos
354 1739 568 1778 summo
598 1723 907 1778 sacerdotio
939 1721 1091 1794 fungi
1122 1738 1230 1779 non
1256 1738 1441 1794 posse,
1488 1723 1617 1794 quid
1674 1737 1810 1796 ergo

213 1812 296 1866 eis
323 1811 572 1884 proderit
603 1811 930 1867 resurrectio
961 1813 989 1865 ?
1023 1812 1147 1866 Plus
1191 1811 1335 1867 enim
1371 1811 1438 1866 ad
1479 1811 1721 1868 dedecus
1757 1819 1811 1867 et

1910 616 2141 686 quisque
2171 614 2274 669 fuit
2307 632 2398 671 rex
2431 623 2591 687 atque
2620 615 2907 686 propheta,
2943 615 3157 685 Moyses
3187 615 3352 671 etiam
3410 616 3502 689 qui

1910 711 1963 757 et
1992 719 2113 770 rex,
2146 712 2199 760 et
2227 707 2489 777 propheta
2519 712 2572 760 et
2610 703 2890 775 legislator
2937 703 3103 758 totius
3149 704 3350 760 exstitit
3399 722 3499 778 po-

1911 801 2041 874 puli,
2075 801 2160 858 cui
2189 801 2329 875 legis
2356 803 2495 858 liber
2525 801 2633 857 tale
2681 801 3054 857 testimonium
3102 801 3354 872 perhibet
3406 804 3498 859 di-

1911 906 2077 945 cens:
2104 891 2223 947 Non
2236 892 2494 948 surrexit
2525 891 2800 964 propheta
2831 892 2993 947 ultra
3026 892 3088 946 in
3119 891 3311 958 Israel,
3346 894 3498 952 sicut

1858 972 1860 975 ’
1912 979 2136 1050 Moyses,
2159 996 2324 1052 quem
2352 983 2540 1036 nosset
2583 979 2854 1035 Dominus
2894 979 3040 1050 [acie
3065 979 3138 1035 ad
3171 981 3400 1050 faciem,
3434 985 3499 1038 in

1914 1068 2170 1124 omnibus
2189 1069 2363 1139 signis
2377 1072 2546 1140 atque
2566 1068 2848 1140 portentis
2868 1084 2990 1140 qua:
3007 1068 3163 1123 misit
3179 1084 3350 1140 super
3369 1085 3500 1126 eum

1913 1165 2096 1236 (Deut.
2130 1166 2352 1235 xxxtv).
2389 1166 2582 1221 Nonne
2613 1181 2734 1221 cum
2766 1164 2855 1220 isti
2909 1166 3039 1220 tanti
3097 1165 3343 1240 talesque
3396 1167 3501 1224 viri

1915 1253 2217 1310 resuscitati
2247 1254 2393 1309 illius
2423 1254 2574 1309 uncti
2604 1253 2805 1309 fuerint
2840 1253 2948 1323 juri
2997 1254 3246 1323 subjecti,
3296 1272 3500 1327 nonne,

1917 1357 2122 1414 quaeso,
2156 1342 2350 1398 melius
2379 1341 2570 1398 fuisset
2599 1343 2678 1398 eis
2709 1360 2777 1398 ne
2809 1342 3311 1400 resuscitarentur?
3359 1345 3505 1401 Prae-

1916 1447 2068 1494 terea
2096 1438 2204 1494 duo
2228 1438 2353 1493 inde
2379 1437 2815 1493 inconvenientia
2858 1439 3204 1508 proveniunt.
3257 1439 3314 1495 Si
3359 1439 3504 1496 enim

1918 1528 2096 1583 minor
2125 1543 2191 1583 eo
2222 1535 2304 1582 est
2329 1528 2568 1598 Moyses,
2605 1526 2884 1598 Scriptura
2916 1544 3051 1599 ergo
3102 1527 3362 1585 mentitur
3393 1549 3408 1598 ;
3459 1531 3506 1585 si

1918 1626 2098 1672 autem
2126 1616 2322 1686 major,
2355 1624 2503 1671 tanto
2533 1616 2656 1688 plus
2687 1614 3002 1673 viliﬁcatur.

1986 1716 2229 1770 Mersus.
2255 1715 2437 1786 Ipsum
2470 1729 2605 1786 ergo
2637 1714 2864 1786 Moysen
2886 1731 3073 1788 regem
3097 1732 3219 1774 esse
3235 1731 3506 1790 propona-

1920 1819 2038 1858 mus
2051 1843 2064 1858 ο

210 1878 642 1964 incommodum,
676 1916 841 1971 quam
870 1900 938 1955 ad
968 1900 1136 1956 decus
1167 1905 1221 1955 et
1251 1899 1533 1964 utilitatem
1583 1901 1686 1956 erit
1733 1901 1812 1956 eis
1841 1878 1893 1938 Β
1941 1949 1945 1954 .
1998 1902 2234 1956 Parnus.
2268 1900 2410 1971 Quid
2440 1917 2577 1974 ergo
2609 1907 2804 1958 unctus
2834 1900 2926 1957 ille
2956 1900 3198 1958 facturus
3218 1909 3302 1958 est
3321 1903 3348 1956 ‘l
3369 1901 3513 1972 Quid

213 2005 528 2061 resurgere,
555 1988 860 2060 meliusque
883 1987 961 2043 eis
980 1987 1171 2043 fuisset
1193 1988 1247 2042 in
1269 1997 1443 2044 morte
1466 2005 1811 2060 permanere,

210 2102 379 2158 quam
407 2101 768 2141 aerumnosam
800 2085 998 2142 ducere
1021 2085 1204 2152 vitam,
1237 2085 1363 2141 licet
1402 2093 1453 2140 et
1497 2087 1672 2156 Moysi
1723 2085 1812 2141 lex

209 2175 270 2230 in
299 2175 404 2230 hoc
434 2174 574 2230 facto
604 2175 940 2238 destruatur,
975 2190 1082 2246 qua
1105 2183 1438 2245 prmceptum
1462 2175 1716 2236 habetur,
1743 2191 1816 2231 ne

213 2263 338 2336 quis
369 2263 559 2334 majori
587 2263 911 2318 sublimatus
945 2263 1139 2319 ordine
1167 2263 1396 2318 ulterius
1426 2264 1495 2318 ad
1536 2263 1814 2319 minorem

211 2362 534 2418 reducatur.
571 2362 628 2418 Si
667 2369 846 2416 autem
903 2377 1096 2416 omnes
1149 2361 1205 2415 in
1263 2361 1463 2416 summi
1521 2361 1817 2417 sacerdotii

215 2451 410 2506 ordine
450 2450 690 2523 aequales
745 2449 951 2505 futuros
982 2466 1106 2505 esse
1129 2450 1491 2518 concesseris,
1551 2451 1817 2506 honorem

220 2556 386 2594 suum
415 2541 598 2594 Aaron
643 2538 866 2604 adimis,
928 2538 1061 2610 quia
1099 2538 1280 2593 nullus
1326 2538 1468 2594 inter
1509 2539 1818 2609 complures

217 2629 478 2700 mquales,
512 2627 873 2684 excellentem
906 2628 1108 2682 habere
1139 2635 1319 2698 potest
1345 2628 1631 2683 honorem.
1670 2629 1815 2682 Prae-

229 2731 388 2780 terea
433 2725 617 2779 multis
670 2723 1026 2794 pontiﬁcibus
1076 2724 1238 2780 multa
1298 2725 1606 2781 necessaria
1693 2723 1818 2780 sunt

221 2813 446 2884 templa.
477 2815 556 2868 Ex
589 2814 693 2869 hoc
749 2829 882 2886 ergo
939 2813 1082 2869 aliud
1129 2814 1525 2869 inconveniens
1581 2814 1818 2886 itemque

219 2901 367 2975 legis
417 2901 722 2958 destructio
774 2902 1030 2972 sequitur,
1088 2901 1478 2972 praecipientis,
1539 2918 1642 2959 nec
1696 2903 1820 2974 plus

223 3015 384 3071 quam
429 3015 594 3054 unum
637 2999 999 3065 sacerdotem,
1051 3013 1153 3055 nec
1219 2998 1340 3070 plus
1408 3013 1577 3071 quam
1643 3015 1816 3054 unum

217 3087 457 3144 existere
483 3088 768 3159 templum.

288 3177 542 3234 Mersus.
575 3180 971 3248 Argumentum
993 3176 1140 3248 quod
1157 3183 1260 3232 tum
1284 3176 1464 3232 obstet
1484 3175 1676 3232 rationi
1708 3192 1819 3232 non

217 3273 419 3330 habeo.
453 3273 630 3330 Video
661 3273 806 3329 enim
837 3281 931 3328 aut
953 3289 1150 3330 novam
1181 3289 1281 3329 nos
1310 3273 1492 3347 legem
1536 3273 1817 3330 habituros

216 3364 520 3420 concedere
552 3380 565 3419 :
599 3371 691 3418 aut
718 3363 900 3434 Moysi
927 3363 1108 3436 legem
1132 3379 1476 3436 nequaquam
1499 3370 1668 3420 totam
1691 3378 1819 3421 con-

218 3453 416 3510 sistere
446 3469 638 3524 posse.

290 3552 533 3607 Pa'raus.
575 3550 802 3608 Gaudeo
831 3551 955 3624 quia
974 3551 1222 3608 veritatis
1245 3551 1429 3608 lumen
1447 3567 1510 3608 ex
1533 3559 1689 3623 parte
1706 3552 1818 3622 jam

213 3641 395 3698 animo
421 3650 516 3697 tuo
536 3641 801 3696 illabitur.
843 3642 943 3698 Dic
972 3657 1126 3714 ergo,
1161 3642 1410 3713 nunquid
1431 3641 1616 3713 plures
1647 3657 1813 3714 reges

216 3730 454 3786 habituri
485 3731 638 3797 estis,
671 3747 740 3785 an
772 3746 939 3785 unum
968 3732 996 3784 ‘?

286 3829 530 3884 Marsus.
565 3829 747 3884 Unum
781 3827 969 3899 utique
992 3826 1195 3883 habere
1218 3827 1504 3894 debemus,
1533 3827 1676 3883 sicut
1694 3841 1816 3898 pro-

214 3917 382 3990 pheta
412 3916 661 3973 Ezechiel
705 3916 954 3988 perhibet
1009 3917 1245 3973 dicens:
1290 3917 1474 3974 Unum
1527 3921 1810 3989 pastorem

218 4023 410 4063 omnes
441 4006 720 4062 habebunt
751 4005 980 4077 (Eaech.
1024 4008 1262 4077 xxxvii).
1322 4005 1378 4060 Si
1423 4005 1569 4060 enim
1615 4005 1814 4061 fuerint

216 4104 424 4176 plures,
456 4119 579 4161 cum
637 4104 943 4160 concordes
996 4119 1121 4160 esse
1168 4119 1279 4160 non
1323 4108 1596 4175 poterunt,
1653 4104 1813 4175 regni

213 4209 412 4266 pacem
441 4192 756 4251 destituent.

287 4293 524 4347 Parens.
540 4291 825 4362 Sapienter
842 4291 1180 4364 respondere
1209 4291 1500 4348 inchoasti.
1527 4290 1643 4348 Sed
1665 4290 1812 4364 quis-

214 4405 343 4445 nam
374 4389 464 4446 ille
490 4406 588 4444 rex
617 4389 722 4446 erit
751 4395 908 4461 potes
940 4390 1158 4446 edicere
1179 4393 1206 4440 τ

280 4496 523 4551 Morsss.
556 4496 783 4562 Unctus,
816 4495 871 4550 in
927 4496 1083 4565 cujus
1138 4495 1373 4552 adventu
1432 4495 1807 4567 captivitatem

207 4601 397 4641 sumus
425 4584 665 4648 evasuri,
699 4585 1002 4656 mortuique
1059 4585 1235 4640 nostri
1291 4590 1420 4640 sunt
1477 4584 1798 4650 suscitandi,
1835 4598 1887 4658 D

208 4675 490 4745 nostrique
515 4672 707 4728 merito
731 4673 1088 4728 moderamen
1114 4673 1316 4728 habere
1345 4673 1511 4729 debet
1569 4672 1805 4746 imperii.

280 4777 515 4831 Pramus.
548 4777 692 4831 Bene
719 4774 866 4847 quod
896 4773 1032 4830 dicis
1061 4790 1186 4830 esse
1234 4783 1444 4846 posset,
1512 4774 1559 4829 si
1614 4783 1810 4832 unctus

207 4865 300 4921 ille
328 4866 490 4920 homo
521 4872 574 4920 et
606 4865 756 4919 Deus
782 4871 952 4919 esset.
999 4863 1055 4919 Si
1087 4878 1218 4919 vero
1251 4871 1309 4918 ut
1354 4863 1583 4920 creditis
1644 4865 1808 4920 homo

208 4969 415 5015 tantum
443 4958 652 5014 futurus
681 4957 768 5024 sit,
793 4957 928 5028 quid
979 4965 1106 5013 tunc
1166 4957 1460 5020 Abraham,
1524 4958 1682 5013 Isaac
1754 4960 1809 5012 et

206 5050 374 5105 Jacob
403 5057 532 5104 sunt
563 5047 774 5114 facturi,
807 5047 1026 5118 Moyses
1049 5046 1213 5101 etiam
1249 5048 1538 5118 caeterique
1560 5047 1806 5118 prophe-

207 5147 274 5196 tae
299 5140 327 5193 ‘1
357 5137 612 5210 Nunquid
644 5137 760 5206 ejus
790 5135 1146 5206 subjicientur
1176 5135 1365 5190 ditioni
1396 5135 1424 5188 ‘?

278 5237 522 5291 Morsus.
561 5235 682 5289 Non
714 5233 910 5288 mirum
942 5232 1112 5288 videri
1144 5231 1331 5299 debet,
1358 5234 1403 5286 si
1435 5231 1554 5301 ejus
1576 5231 1807 5302 subjecti

203 5325 402 5380 fuerint
433 5323 706 5396 potestati.
739 5323 828 5379 Sic
860 5321 1003 5378 enim
1035 5331 1088 5378 et
1119 5321 1337 5377 Samuel
1387 5321 1669 5389 subjectus
1723 5327 1808 5376 est

206 5413 374 5479 Sauli,
409 5421 462 5469 et
491 5413 638 5468 Elias
665 5413 852 5468 Achab
881 5411 1022 5484 regi,
1057 5417 1110 5466 et
1146 5411 1374 5467 Eliszeus
1408 5411 1600 5466 Joram
1623 5417 1678 5465 et
1713 5407 1805 5465 alii

206 5509 358 5568 multi
387 5511 664 5583 prophetae
688 5509 911 5582 regibus
940 5508 1081 5564 suis.

272 5615 528 5669 "Parens.
564 5611 767 5666 Rerum
798 5611 1148 5682 praesentium
1179 5608 1474 5666 similitudo
1503 5624 1614 5664 non
1666 5623 1804 5666 con-

206 5702 546 5768 venit.Nam,
565 5700 666 5756 etsi
685 5702 990 5772 prOphetae,
1013 5701 1105 5772 qui
1130 5699 1354 5756 minime
1378 5715 1540 5772 reges
1561 5698 1802 5768 fuerunt,

203 5801 429 5876 regibus
457 5797 658 5854 subditi
683 5797 899 5864 fuerint,
942 5813 1051 5852 non
1104 5797 1228 5854 ideo
1277 5798 1532 5855 convenit
1582 5805 1675 5854 aut
1720 5805 1805 5854 est

204 5903 439 5950 necesse
468 5894 526 5944 ut
553 5903 650 5948 rex
680 5885 952 5959 prapheta
973 5886 1226 5959 cuiquam
1249 5894 1468 5945 terreno
1489 5887 1611 5959 regi
1630 5886 1805 5958 subji-

1924 1989 2084 2045 etiam
2114 1990 2413 2056 Abraham,
2446 1992 2600 2046 Isaac
2631 1997 2684 2044 et
2712 1990 2880 2046 Jacob
2927 1998 3049 2046 sunt
3096 1989 3314 2059 facturi,
3377 2007 3513 2063 quos

1924 2079 2138 2150 Moyses
2167 2077 2285 2149 ipse
2314 2079 2444 2133 dum
2474 2078 2680 2134 viveret
2724 2077 2780 2133 in
2835 2086 2986 2134 tanto
3045 2079 3224 2150 pretio
3277 2079 3517 2135 habebat

1925 2176 2122 2245 (Exod.
2156 2179 2360 2245 xxxii),
2395 2175 2541 2248 quod
2573 2191 2698 2232 eum
2728 2175 2935 2248 aliquid
2964 2192 2994 2230 a
3026 2178 3141 2232 Deo
3167 2177 3513 2248 implorabat,

1923 2281 2025 2336 pro
2041 2281 2228 2320 eorum
2246 2280 2432 2321 amore
2450 2281 2508 2320 se
2525 2264 2849 2336 adepturum
2867 2281 2989 2321 esse
3009 2265 3232 2322 orabat?
3248 2266 3302 2321 In
3318 2282 3518 2340 magno

1927 2354 1972 2408 si
2002 2354 2251 2410 attendas
2281 2353 2598 2410 discrimine
2628 2353 2778 2408 estis.
2828 2354 2936 2409 Sed
2985 2353 3109 2410 volo
3129 2363 3186 2411 ut
3247 2355 3418 2424 dicas,
3476 2356 3523 2411 si

1926 2452 2087 2520 nosti,
2121 2452 2495 2524 nunquidnam
2525 2451 2601 2507 illi
2631 2452 2722 2524 qui
2754 2459 2880 2508 tunc
2911 2451 3208 2509 suseitandi
3231 2461 3354 2508 sunt
3376 2468 3522 2510 mor-

1927 2541 2022 2607 tui,
2057 2549 2306 2596 naturam
2341 2548 2394 2598 et
2442 2548 2766 2612 potestatem
2819 2541 3099 2597 habebunt
3154 2540 3294 2598 ﬁlios
3346 2558 3523 2614 gene-

1928 2629 2084 2684 randi
2114 2630 2142 2685 τ

1997 2727 2246 2782 Morsus.
2285 2727 2357 2782 Ut
2384 2726 2510 2798 quid
2533 2742 2891 2800 responsurus
2909 2726 2984 2782 sis
3005 2727 3246 2794 audiam,
3267 2724 3395 2784 illos
3412 2745 3516 2802 ge-

1928 2823 2220 2872 neraturos
2251 2816 2486 2887 negabo.

1998 2923 2242 2978 Perses.
2282 2922 2410 2978 Volo
2439 2922 2588 2994 prius
2637 2923 2991 2995 respondeas,
3044 2923 3089 2980 si
3147 2925 3526 2999 generationis

1927 3019 2163 3076 ofﬁcium
2194 3020 2251 3075 in
2271 3020 2351 3077 eis
2379 3029 2572 3077 natura
2605 3021 2845 3094 negabit,
2879 3029 2970 3076 aut
2997 3021 3140 3095 legis
3155 3022 3370 3092 jussum
3392 3040 3523 3097 pro-

1929 3109 2136 3165 hibebit
2147 3150 2161 3164 .

1849 3234 1897 3297 α
1997 3225 2240 3280 Movsas.
2273 3223 2435 3298 Legis
2465 3231 2738 3296 praecepto
2769 3239 2866 3281 eos
2913 3223 3376 3298 constringendos
3433 3243 3520 3285 re-

1929 3313 2201 3386 spondeo.

1998 3431 2234 3485 Ps'rnus.
2259 3429 2394 3485 Cum
2416 3427 2581 3502 igitur
2595 3427 2768 3500 Moysi
2797 3428 2884 3484 lex
2905 3427 3044 3484 ﬁlios
3073 3429 3357 3502 procreari
3373 3449 3522 3504 prae-

1927 3519 2108 3591 cipiat,
2139 3534 2341 3575 novam
2371 3534 2472 3574 vos
2495 3517 2674 3591 legem
2697 3517 2972 3575 habitums
2993 3518 3358 3591 demonstras,
3374 3523 3522 3594 quod

1926 3615 2008 3665 est
2038 3615 2232 3664 contra
2260 3607 2425 3663 ﬁdem
2459 3615 2724 3663 vestram.

1996 3723 2246 3778 Marses.
2277 3723 2484 3777 Natura
2517 3720 2596 3777 eis
2626 3737 2736 3777 non
2765 3719 2893 3793 lege
2923 3721 3334 3795 generationem
3370 3723 3518 3781 inhi-

1926 3810 2092 3866 bitam
2124 3827 2247 3866 esse
2275 3814 2484 3866 mutata
2512 3809 2630 3866 vice
2661 3809 2932 3882 probabo.

1995 3919 2240 3974 Perses.
2273 3918 2424 3974 Stare
2469 3917 2616 3990 quod
2668 3917 2804 3974 dicis
2860 3933 2970 3973 non
3028 3925 3228 3990 potest.
3285 3920 3520 3978 Auditus

1923 4008 2072 4064 enim
2106 4009 2384 4073 abhorret,
2417 4013 2470 4062 et
2515 4022 2671 4062 mens
2729 4005 2956 4063 credere
3005 4005 3226 4079 refugit,
3293 4009 3516 4083 aliquod

1922 4096 2122 4152 animal
2152 4095 2316 4152 modo
2345 4111 2470 4151 esse
2516 4094 2606 4151 cui
2660 4095 2728 4150 sit
2779 4095 3027 4152 naturale
3080 4112 3349 4169 generare
3407 4115 3518 4156 non

1921 4211 2104 4268 posse,
2135 4194 2239 4250 nisi
2269 4193 2447 4264 aliquo
2468 4193 2882 4259 interveniente,
2904 4192 3012 4249 vim
3033 4194 3335 4267 generandi
3361 4197 3518 4252 amit-

1920 4291 2016 4339 tat.
2042 4283 2201 4353 Quod
2232 4285 2277 4337 si
2308 4290 2558 4338 naturam
2580 4281 2754 4352 ipsam
2777 4297 2898 4337 esse
2920 4281 3122 4337 dixeris
3150 4298 3371 4352 novam,
3404 4301 3517 4342 non

1919 4373 2089 4429 debes
2118 4372 2302 4428 dicere
2333 4386 2428 4427 eos
2458 4369 2884 4440 resuscitandos,
2919 4369 3014 4426 sed
3043 4385 3240 4426 novam
3292 4381 3513 4430 creatu-

1919 4487 2038 4526 ram
2071 4470 2301 4526 futuram
2332 4468 2563 4524 similem
2594 4468 2780 4540 prima:
2813 4467 2864 4522 in
2898 4468 3077 4524 forma
3121 4476 3347 4536 tantum,
3401 4487 3512 4528 non

1917 4560 1970 4615 in
2001 4569 2201 4615 natura
2230 4567 2359 4625 tota,
2392 4558 2678 4614 comedent
2709 4556 2910 4629 quippe
2941 4564 2998 4612 et
3029 4557 3242 4626 bibent,
3276 4559 3374 4615 sed
3407 4575 3516 4616 non

1919 4649 2266 4722 generabunt
2280 4689 2293 4702 .

1993 4766 2244 4821 Mersus.
2289 4763 2565 4836 Quidquid
2604 4762 2869 4818 hactenus
2908 4767 3113 4816 mutata
3157 4761 3512 4822 altercatione

1919 4853 2080 4910 locuti
2111 4869 2323 4920 sumus,
2352 4867 2460 4907 non
2493 4860 2600 4906 tam
2631 4867 2702 4906 ex
2732 4849 2978 4905 veritatis
3007 4849 3326 4907 defensione
3342 4868 3508 4924 quam

1917 4957 1987 4996 ex
2018 4941 2461 5012 syllogismorum
2493 4938 2820 5011 ambagibus
2850 4936 3104 4993 diximus.
3153 4937 3314 4993 Fides
3361 4940 3509 4996 enim

1915 5047 2100 5094 nostra
2132 5047 2232 5111 est,
2264 5039 2386 5111 quia
2416 5038 2878 5112 quemadmodum
2909 5045 3107 5094 cat-tera
3145 5036 3505 5095 humanitatis

1916 5126 2115 5192 ofﬁcia,
2141 5128 2221 5184 sic
2250 5136 2303 5183 et
2330 5127 2633 5201 generandi
2665 5136 2910 5182 naturam
2947 5126 3245 5192 habebunt,
3281 5126 3420 5184 adeo
3449 5138 3509 5184 ut

1913 5216 2196 5272 mulierem
2227 5216 2466 5288 quotidie
2496 5226 2900 5289 concepturam,
2935 5215 3177 5289 quotidie
3206 5217 3505 5288 parituram

1913 5315 2226 5371 credamus.

1984 5431 2226 5485 Pnrnus.
2260 5427 2419 5498 Quod
2447 5427 2584 5484 dicis
2633 5428 2720 5484 vix
2772 5429 3026 5485 humanae
3072 5445 3237 5487 aures
3276 5442 3512 5504 possunt

1913 5520 2122 5576 audire.
2154 5521 2222 5575 Ut
2250 5519 2395 5574 enim
2427 5533 2548 5589 quae
2577 5517 2714 5573 dicis
2743 5533 2876 5573 vera
2909 5517 3077 5574 fatear
3105 5537 3250 5588 esse,
3299 5522 3512 5580 scilicet

1911 5618 1968 5665 ut
1996 5609 2050 5665 in
2080 5617 2299 5666 unctum
2327 5617 2378 5664 et
2398 5606 2802 5664 crediturisunt
2821 5621 3015 5664 omnes
3037 5617 3091 5664 et
3111 5611 3508 5668 resnscitandi:

1912 5712 1967 5764 at
1995 5724 2120 5764 cum
2147 5707 2394 5780 quotidie
2435 5704 2578 5762 ﬁlios
2632 5713 3016 5778 procrearent,
3067 5706 3340 5778 profecto,
3400 5723 3507 5766 nec

1911 5801 2056 5854 terra
2085 5813 2184 5854 eos
2211 5803 2434 5868 caperet
2461 5795 2628 5852 etiam
2671 5797 2718 5849 si
2769 5793 3058 5866 dupliciter
3105 5796 3280 5866 major
3336 5805 3506 5863 esset,

1918 5894 2012 5944 aut
2039 5894 2243 5961 pontus
2269 5885 2434 5943 etiam
2463 5892 2615 5942 terra
2658 5881 2815 5941 ﬁeret
2853 5891 2907 5940 et
2952 5884 3089 5942 adeo
3132 5884 3237 5942 loci
3287 5893 3508 5942 coarcta
