3966 6420
487 409 585 474 591

1429 403 1628 466 PETRI
1668 399 2016 470 ALPHONSI
2053 412 2149 469 EX
2188 399 2432 470 mimo
2473 401 2872 470 cumarum

3700 407 3805 471 5'92

485 549 679 600 rentur
704 539 980 614 angustia,
1011 540 1159 614 quod
1188 557 1298 598 non
1326 540 1606 596 haberent
1631 555 1754 611 quae
1773 537 1955 595 colere
1973 553 2091 609 pos-
2123 537 2178 601 Α
2207 537 2378 593 meris
2402 537 2584 593 denuo
2612 537 2949 594 cruciatibus
2995 539 3317 610 agitentur?
3371 536 3513 608 Quin
3573 537 3798 609 insuper

490 640 613 688 sent
640 645 793 697 arva,
827 629 937 685 imo
985 629 1114 686 inde
1167 647 1390 703 semper
1444 637 1596 686 esset
1651 628 1792 684 inter
1843 642 1939 683 eos
1995 643 2094 698 pro

489 738 652 787 terra:
681 727 936 800 angustia
966 735 1246 784 certamen
1277 735 1331 783 et
1358 727 1502 782 rixa.
1551 726 1687 782 Cum
1737 725 1867 782 item
1911 726 2092 783 susci-

487 826 674 876 tentur
703 831 917 883 omnes,
946 814 1140 872 redibit
1170 816 1399 889 quisque
1429 815 1511 872 vir
1540 815 1609 870 ad
1659 830 1890 871 uxorem
1940 832 2092 871 suam

496 923 662 982 quam
691 905 898 973 habuit,
927 913 1016 960 aut
1045 903 1211 961 aliam
1239 920 1440 962 novam
1470 902 1698 960 habebit
1725 905 1754 960 τ

560 1008 814 1062 Movsas.
849 1003 1095 1076 Quisque
1125 1018 1260 1059 sane
1287 1002 1574 1059 rehabebit
1595 1018 1769 1058 suam.
1795 1003 1920 1060 Haec
1942 1019 2092 1059 nam-

487 1112 593 1171 que
623 1095 727 1150 erit
752 1093 951 1151 laetitiae
981 1092 1406 1149 consummatio.

554 1196 794 1251 Paraus.
828 1191 926 1248 Illa
950 1190 1117 1266 igitur
1144 1190 1349 1247 mulier
1369 1207 1489 1264 quae
1513 1197 1636 1263 post
1658 1199 1770 1247 tres
1791 1199 1881 1246 aut
1902 1190 2088 1263 plures

480 1283 698 1341 habitos
727 1280 953 1337 maritos
983 1287 1066 1336 est
1097 1287 1336 1347 mortua,
1369 1279 1422 1334 in
1477 1279 1883 1337 resurrectione
1923 1295 2086 1352 quem

483 1391 548 1432 ex
569 1372 656 1429 his
683 1369 1079 1429 esthabitura?
1100 1370 1323 1441 (Matth.
1359 1383 1481 1424 χχιι
1506 1387 1520 1437 ;
1550 1370 1687 1425 Luc.
1740 1384 1852 1437 xx;
1903 1371 2076 1426 Marc.

484 1473 607 1539 xu.)
633 1471 793 1537 Nam,
829 1467 874 1524 si
905 1466 1143 1539 primum
1191 1466 1503 1523 habituram
1554 1465 1932 1539 responderis,
1990 1466 2084 1521 lex

479 1559 652 1634 Moysi
682 1559 992 1616 destruetur
1012 1555 1268 1623 dicentis,
1302 1555 1448 1628 quod
1478 1564 1598 1626 post
1628 1555 1930 1612 secundum
1971 1571 2081 1610 non

477 1651 674 1708 debeat
701 1646 772 1704 ad
803 1646 1035 1720 primum
1065 1644 1244 1701 redire
1290 1644 1550 1700 maritum
1582 1664 1595 1708 ;
1648 1644 1695 1699 si
1740 1660 1873 1701 vero
1915 1643 2080 1699 alium

476 1765 643 1823 quam
671 1746 908 1819 primum
941 1743 1245 1800 habituram
1278 1742 1655 1815 responderis,
1697 1742 1751 1797 in
1799 1758 1865 1799 eo
1914 1741 2078 1798 etiam

475 1848 560 1897 est
587 1834 887 1894 destructio
918 1832 1080 1907 legis,
1115 1833 1310 1889 eadem
1342 1849 1576 1905 namque
1601 1831 1851 1902 jubente,
1902 1831 2077 1903 primo

473 1929 595 1986 viro
625 1926 864 1994 vivente,
887 1898 1006 1980 nec.
1013 1939 1136 1978 eam
1154 1921 1496 1993 repudiante,
1531 1921 1788 1994 cuiquam
1819 1936 1926 1977 non
1983 1936 2075 1992 po-
2102 1898 2157 1959 Β

471 2026 601 2084 terit
627 2023 836 2080 nubere
853 2022 1004 2091 (ch.
1055 2021 1172 2089 xx).
1207 2019 1317 2076 Sed
1347 2034 1477 2076 ecce
1506 2035 1630 2074 cum
1680 2026 1758 2074 tot
1805 2017 2072 2085 suscitati,

475 2123 669 2188 totque
700 2119 826 2185 post
856 2125 952 2167 eos
977 2108 1177 2165 fuerint
1206 2108 1339 2180 nati,
1389 2108 1617 2182 quilibet
1670 2108 1865 2165 horum
1920 2116 2078 2164 erunt

470 2203 802 2278 quandoque
829 2197 1078 2257 morituri
1103 2199 1132 2252 ?

542 2301 790 2357 Movsas.
814 2295 1158 2352 Immortales
1188 2294 1387 2352 exinde
1412 2294 1838 2367 permanebunt.

543 2401 779 2455 Parnus.
812 2393 970 2451 Ratio
1001 2402 1149 2448 stare
1178 2407 1284 2449 non
1319 2407 1481 2464 posse
1512 2391 1656 2463 quod
1677 2391 1816 2448 dicis
1840 2391 2072 2447 demon-

468 2496 630 2547 strat.
651 2487 784 2543 Cum
805 2483 951 2541 enim
973 2483 1138 2539 homo
1160 2481 1484 2547 comederit,
1517 2480 1736 2543 biberit,
1763 2479 2069 2553 generandi

465 2593 625 2635 usum
657 2572 930 2642 habuerit,
961 2587 1192 2628 necesse
1213 2578 1296 2626 est
1326 2570 1473 2644 quod
1499 2586 1564 2625 ex
1583 2577 1810 2642 quatuor
1830 2569 2070 2625 elemen-

473 2676 544 2731 tis
574 2671 912 2746 compositus
934 2669 1025 2724 sit.
1069 2667 1345 2738 Quidquid
1387 2674 1568 2723 autem
1615 2666 1796 2722 taliter
1841 2681 2070 2738 compo-

468 2765 632 2820 situm
663 2769 765 2828 est,
796 2759 850 2815 id
881 2758 1048 2814 etiam
1070 2757 1350 2826 corrumpi
1371 2771 1599 2812 necesse
1615 2763 1718 2811 est.
1735 2757 1881 2827 Ergo
1903 2763 1956 2810 et
1972 2771 2067 2810 eos

467 2852 660 2910 mortis
688 2847 1028 2921 corruptioni
1057 2862 1182 2904 cum
1214 2845 1400 2902 taliter
1429 2843 1720 2917 compositi
1752 2844 1882 2912 sint,
1932 2843 2066 2899 sub-

460 2951 654 3023 jacere
675 2946 980 3005 necessitas
1003 2942 1589 3010 concludit.Rursus,si
1611 2942 1946 2999 immortales
1960 2941 2067 2998 fue-

466 3039 605 3108 rint,
632 3039 743 3108 jam
773 3049 1118 3109 nequaquam
1151 3031 1396 3104 speciali,
1431 3048 1554 3104 quae
1581 3047 1732 3088 nunc
1761 3039 1844 3087 est
1881 3031 2064 3086 homi-

465 3129 571 3196 nis,
596 3126 958 3196 subjiciuntur
972 3121 1301 3178 diffinitioni.
1325 3119 1584 3176 Diffinitio
1633 3119 1776 3176 enim
1828 3120 2063 3175 hominis

460 3235 545 3285 est
569 3223 768 3281 animal
796 3220 1083 3289 rationale,
1115 3219 1365 3274 mortale.
1415 3216 1525 3274 Sed
1548 3217 1618 3273 de
1656 3216 2060 3273 immortalibus

458 3314 770 3373 hominibus
799 3309 1050 3367 difﬁnitio
1080 3309 1180 3364 ista
1211 3307 1498 3378 praedicari
1521 3322 1628 3360 non
1653 3313 1852 3377 potest.
1878 3305 2059 3374 Quare

457 3421 563 3464 nec
591 3401 849 3476 specialis
871 3401 1061 3456 homo.
1096 3397 1252 3454 Unde
1271 3413 1370 3468 per
1390 3397 1494 3452 hoc
1514 3395 1750 3451 medium
1782 3394 2061 3468 colligitur

459 3510 634 3572 recte,
666 3508 727 3556 ut
752 3513 890 3572 quos
921 3494 1174 3552 homines
1219 3509 1407 3562 vocas,
1449 3492 1703 3548 homines
1761 3508 1870 3548 non
1929 3491 2054 3560 sint,

455 3591 604 3665 quod
660 3596 744 3646 est
801 3583 1225 3642 inconveniens.
1309 3583 1510 3638 Iterum
1586 3580 1730 3638 sicut
1803 3580 2055 3652 superius

456 3679 718 3744 diximus,
753 3672 1082 3732 multitudini
1137 3687 1327 3728 eorum
1385 3670 1620 3743 spatium
1677 3669 1841 3724 totius
1897 3677 2055 3726 terrae

450 3793 562 3834 non
589 3774 844 3832 sufﬁcere
872 3777 1079 3844 posset,
1112 3769 1157 3824 si
1220 3769 1400 3841 ipsam
1453 3767 1749 3824 maximam
1806 3767 2050 3822 multitu-

450 3867 636 3924 dinem
657 3861 1026 3920 immortalem
1055 3874 1390 3924 asseramus,
1422 3872 1545 3914 cum
1587 3871 1752 3927 supra
1797 3857 1916 3912 sine
1960 3856 2049 3911 in-

448 3954 801 4014 termissione
831 3967 928 4007 eos
958 3955 1324 4022 generaturos
1355 3962 1480 4001 esse
1519 3944 1838 4012 dixerimus,
1894 3953 1947 4000 et
2003 3945 2049 4000 si

448 4046 520 4103 ad
548 4043 792 4118 lapidum
815 4039 1036 4096 modum
1055 4037 1270 4093 sibimet
1290 4043 1814 4107 superponerentur,
1857 4034 2046 4090 nulla-

445 4153 603 4202 tenus
627 4141 683 4197 in
710 4138 987 4211 duplicato
1017 4144 1178 4192 terrae
1199 4133 1377 4206 spatio
1407 4132 1884 4190 concluderentur.

516 4242 764 4297 Morsas.
801 4238 932 4292 Cum
966 4231 1310 4290 immortales
1338 4247 1434 4287 eos
1464 4246 1588 4288 esse
1618 4229 1914 4287 defendere
1941 4246 2042 4286 ne-

447 4345 667 4407 queam,
701 4325 900 4383 saltem
930 4321 1201 4380 mortales
1231 4321 1559 4378 concedam.

518 4439 754 4492 Pa'raus.
789 4433 926 4490 Cum
958 4429 1250 4487 morituros
1282 4445 1377 4484 eos
1406 4444 1530 4484 esse
1574 4426 1868 4494 concedas,
1917 4425 2041 4483 volo

441 4525 614 4593 dicas,
645 4523 740 4580 illa
769 4518 1103 4578 ressurectio
1133 4525 1316 4574 utrum
1347 4516 1451 4574 erit
1476 4516 1556 4573 eis
1587 4516 1658 4572 ad
1701 4531 1924 4588 poenam
1971 4531 2041 4571 an

438 4614 510 4673 ad
539 4628 819 4672 coronam.

514 4724 759 4781 Movsas.
792 4718 874 4775 Ad
904 4715 1140 4792 gloriam
1172 4723 1223 4771 et
1253 4715 1514 4769 honorem
1546 4713 1641 4768 illa
1689 4712 1788 4768 erit
1846 4729 2034 4768 resur-

440 4813 630 4882 rectio,
665 4819 724 4867 ut
751 4807 901 4865 uncti
930 4805 1158 4878 gloriam
1190 4809 1243 4860 et
1289 4819 1521 4875 regnum
1569 4801 1934 4872 conspiciant,
1985 4809 2039 4858 et

440 4900 738 4976 perfectam
765 4896 1021 4969 corporis
1051 4899 1108 4951 et
1135 4892 1319 4950 cordis
1351 4892 1586 4947 habeant
1615 4889 1886 4947 laetitiam.

511 5001 751 5055 Paraus.
789 4996 869 5052 De
900 5001 1042 5049 statu
1085 4989 1304 5046 interim
1348 4989 1618 5045 bonorum
1651 4988 1828 5044 donec
1859 5003 2039 5043 resur-

435 5097 588 5164 gant,
620 5086 813 5144 audire
839 5081 964 5140 volo
1006 5079 1135 5154 quid
1192 5079 1419 5144 sentias,
1479 5076 1687 5134 scilicet
1747 5084 1922 5132 utrum
1981 5077 2036 5132 in

433 5179 611 5252 poenis
640 5193 709 5233 au
739 5176 794 5231 in
826 5173 1007 5247 quiete
1036 5185 1213 5243 usque
1241 5168 1310 5224 ad
1340 5165 1768 5224 resurrectionis
1818 5173 2034 5238 tempus

431 5281 812 5351 permaneant.

498 5385 744 5440 Movsas.
767 5377 976 5451 Quietis
996 5391 1092 5432 eos
1126 5372 1461 5431 beatitudine
1490 5389 1615 5430 cum
1669 5371 1786 5428 Deo
1825 5370 2031 5444 perfrui

428 5471 794 5529 certissimum
824 5475 934 5523 est.

498 5569 736 5624 Paraus.
761 5561 1216 5636 Quandoquidem
1256 5567 1314 5616 ut
1343 5557 1543 5614 asseris
1573 5557 1647 5614 ita
1678 5565 1782 5624 est,
1831 5571 2026 5613 resur-

424 5656 596 5713 rectio
625 5655 720 5710 illa
749 5654 820 5708 ad
879 5667 1097 5724 pmnam
1127 5649 1311 5722 potius
1342 5664 1501 5720 quam
1535 5647 1606 5703 ad
1637 5661 1897 5704 coronam
1935 5645 2027 5701 fu-

423 5749 548 5800 tura
573 5750 675 5799 est.
709 5742 843 5796 Cum
876 5741 1019 5796 enim
1052 5753 1197 5794 nunc
1225 5744 1445 5793 aeternae
1475 5735 1598 5792 vitaz
1625 5751 1850 5791 munere
1889 5733 2020 5803 glo-

423 5831 654 5897 rientur,
674 5845 772 5886 cur
799 5827 998 5884 iterum
1040 5827 1096 5882 in
1149 5839 1442 5893 corporum
1489 5823 1782 5896 ergastulis
1830 5829 2018 5880 retru~

419 5917 632 5991 dentur,
665 5917 765 5973 ubi
794 5914 955 5985 fame,
979 5913 1092 5981 siti,
1119 5912 1342 5985 vigiliis,
1374 5920 1432 5969 et
1459 5912 1627 5969 variis
1656 5919 1821 5985 atque
1850 5911 2015 5970 innu-

2089 3262 2139 3324 C

2202 627 2503 684 secundum
2535 635 2681 682 tuam
2709 627 3036 684 sententiam
3067 627 3324 684 secundas
3354 627 3546 682 mortis
3561 627 3794 682 timoren

2202 732 2255 778 et.
2285 740 2500 795 pcenam
2530 724 2892 780 sustinebunt.
2927 723 3022 779 His
3067 724 3321 780 omnibus
3379 723 3512 779 satis
3569 723 3791 780 cuilibet

2199 821 2365 884 patet,
2401 813 2860 869 resurrectionem
2894 812 3049 868 illam
3080 813 3263 886 magis
3289 812 3398 868 illis
3440 812 3510 868 ad
3549 812 3788 870 dedecus

2199 917 2362 974 quam
2397 903 2662 958 honorem
2692 910 2745 958 et
2775 901 3011 976 gloriam
3044 901 3184 959 fieri.

2267 1026 2502 1081 Movsas.
2535 1027 2603 1080 Et
2633 1025 2679 1080 si
2708 1041 2853 1083 nunc
2881 1026 2934 1080 in
2966 1027 3150 1098 quiete
3198 1033 3252 1082 et
3299 1025 3512 1082 deliciis
3562 1043 3780 1099 perma-

2197 1123 2345 1181 nent,
2376 1115 2444 1169 de
2475 1115 2672 1186 quibus
2702 1115 2776 1170 ad
2826 1129 3123 1186 corporum
3176 1115 3283 1170 sint
3333 1115 3561 1171 redituri
3604 1133 3783 1189 angu-

2195 1204 2349 1268 stias,
2384 1204 2485 1260 sed
2514 1211 2694 1259 tamen
2727 1213 2868 1259 tanta
2895 1204 2976 1260 eis
3006 1204 3107 1260 erit
3144 1204 3428 1260 exsultatio
3476 1206 3618 1262 uncti
3643 1222 3782 1276 prm-

2195 1293 2427 1348 sentiam
2457 1308 2707 1358 cernere,
2741 1300 2796 1348 et
2824 1294 2940 1362 ejus
2970 1309 3146 1366 regno
3177 1293 3472 1359 exsultare,
3521 1295 3781 1351 Hieroso-

2193 1379 2352 1452 lymis
2399 1388 2456 1436 ut
2517 1381 2650 1438 olim
2708 1380 2980 1449 habitare,
3037 1381 3093 1437 in
3147 1381 3349 1453 templo
3397 1390 3632 1438 veterum
3680 1383 3780 1438 ritu

2193 1467 2525 1536 sacriﬁcare,
2558 1477 2615 1525 ut
2644 1478 2698 1525 et
2729 1485 3024 1541 corporum
3059 1485 3222 1542 paena
3262 1469 3332 1526 sit
3375 1472 3455 1526 eis
3508 1471 3672 1540 nulla,
3725 1480 3780 1527 et

2192 1575 2352 1630 quam
2384 1559 2549 1616 modo
2579 1558 2800 1626 habent,
2841 1559 3061 1631 requies
3120 1559 3383 1616 habeatur
3438 1568 3627 1632 postea
3678 1576 3776 1631 pro

2189 1647 2430 1703 minima.

2262 1765 2498 1819 Paraus.
2531 1763 2690 1832 Quod
2719 1763 2859 1820 dicis
2888 1779 2922 1819 a
2961 1763 3209 1819 veritatis
3256 1763 3515 1820 exorbitat
3551 1764 3764 1821 semita.

2186 1851 2380 1906 Nullus
2401 1851 2544 1907 enim
2567 1852 2852 1923 praesentis
2870 1851 3056 1907 mundi
3088 1853 3263 1908 honor
3282 1860 3335 1907 et
3355 1852 3524 1925 gloria
3560 1861 3772 1908 aeterna:

2189 1941 2311 1997 vita:
2331 1940 2545 1996 deliciis
2563 1950 2616 1996 et
2654 1940 2823 2012 quieti
2858 1941 3272 2012 comparatione
3311 1940 3564 1998 convenit
3590 1941 3770 2013 aliqua

2187 2028 2314 2101 quia
2345 2045 2447 2086 nec
2474 2045 2582 2085 uno
2613 2038 2888 2086 momento
2917 2029 3204 2102 quisquam
3225 2030 3384 2100 hujus
3413 2029 3597 2085 mundi
3615 2038 3768 2101 pote-

2185 2121 2252 2172 rit
2283 2118 2400 2174 sine
2431 2118 2620 2174 labore
2653 2126 2707 2174 et
2761 2134 2923 2190 paena
2979 2118 3052 2174 uti
3101 2117 3334 2175 deliciis.
3393 2118 3539 2174 Illius
3589 2124 3766 2175 autem

2186 2214 2360 2271 beatae
2391 2215 2516 2270 vitae
2545 2214 2745 2286 gloria,
2770 2215 2922 2270 nulla
2955 2215 3328 2272 intercedente
3369 2216 3611 2272 molestia
3642 2232 3767 2287 per-

2184 2311 2366 2359 manet
2397 2321 2594 2376 perpes
2649 2313 2703 2360 et
2757 2305 3036 2374 continua,
3094 2304 3369 2377 praecipue
3423 2321 3545 2362 cum
3601 2305 3768 2361 vestri

2182 2401 2453 2448 testentur
2482 2393 2751 2464 doctores,
2787 2409 3006 2450 omnem
3055 2394 3214 2463 hujus
3271 2394 3458 2449 mundi
3509 2395 3768 2450 honorem

2181 2489 2233 2536 et
2261 2481 2488 2553 gloriam
2523 2481 2668 2537 idem
2718 2498 2846 2538 esse
2890 2483 2957 2538 ad
2997 2482 3148 2539 illius
3184 2483 3307 2538 vita:
3340 2481 3599 2551 dedicias,
3623 2483 3766 2555 quod

2179 2577 2263 2626 est
2292 2587 2458 2626 unum
2485 2571 2552 2625 ad
2583 2571 2880 2643 sexaginta.
2914 2573 3068 2628 Patet
3113 2572 3340 2644 insuper
3376 2572 3613 2638 cuilibet,
3662 2571 3766 2627 nisi

2181 2668 2304 2740 quis
2361 2669 2522 2724 totius
2593 2669 2823 2725 rationis
2879 2669 2948 2725 sit
2994 2685 3209 2742 expers,
3273 2669 3769 2741 incomparabiliter

2179 2756 2358 2826 majus
2388 2773 2511 2814 esse
2540 2757 2802 2831 gaudium
2833 2773 3065 2816 cernere
3108 2759 3303 2827 Deum,
3355 2773 3516 2831 quam
3576 2758 3761 2829 talem,

2175 2847 2388 2920 qualem
2421 2863 2519 2903 vos
2550 2847 2745 2904 dicitis.

2245 2971 2478 3026 Movsas.
2511 2971 2886 3044 Quaecumque
2907 2971 3168 3028 hactenus
3199 2970 3360 3029 locuti
3381 2987 3584 3038 sumus,
3607 2971 3764 3028 ratio-

2174 3059 2392 3115 cinandi
2423 3069 2473 3116 et
2493 3059 2910 3132 argumentandi
2937 3077 3104 3117 causa
3133 3060 3398 3116 diximus.
3453 3061 3577 3118 Haec
3614 3061 3761 3117 enim

2171 3157 2254 3203 est
2291 3158 2490 3206 nostra:
2521 3148 2645 3205 ﬁdei
2674 3149 2966 3215 certitudo,
3025 3149 3152 3222 quia
3211 3149 3566 3206 resuscitandi
3623 3150 3752 3214 sint,

2169 3237 2513 3306 comedendi,
2539 3245 2592 3293 et
2622 3237 2863 3303 bibendi,
2896 3237 3010 3294 sive
3051 3238 3354 3311 generandi
3407 3247 3461 3293 et
3514 3247 3760 3295 naturam

2170 3343 2219 3388 et
2252 3351 2409 3390 usum
2466 3333 2574 3390 sint
2641 3335 2957 3402 habitaturi,
3015 3343 3067 3392 et
3122 3344 3245 3407 post
3293 3335 3440 3392 mille
3493 3351 3758 3392 annorum

2167 3429 2444 3478 transacta
2499 3422 2796 3493 curricula,
2853 3423 2910 3478 in
2967 3433 3246 3495 perpetuae
3303 3423 3648 3479 beatitudinis
3696 3434 3754 3480 et

2165 3510 2591 3568 immortalitatis
2631 3528 2866 3587 regnum
2915 3511 3034 3568 sine
3081 3511 3267 3586 aliqua
3306 3515 3477 3570 morte
3523 3511 3759 3570 transfe-

2167 3600 2320 3656 rendi
2332 3642 2346 3657 .

2235 3717 2474 3772 Parnus.
2507 3715 2565 3773 Si
2606 3716 2949 3775 immortales
3003 3717 3281 3784 concedis,
3339 3718 3406 3773 ad
3463 3718 3753 3790 pristinum

2159 3802 2552 3861 inconveniens
2583 3805 2756 3862 redis.
2792 3805 2940 3861 Intra
2979 3805 3130 3861 mille
3186 3806 3386 3862 etenim
3443 3821 3635 3874 annos,
3693 3807 3750 3862 in

2160 3910 2369 3958 tantum
2425 3903 2718 3959 multitudo
2775 3903 3164 3976 propagabitur
3218 3920 3424 3970 eorum,
3483 3913 3541 3960 ut
3592 3905 3744 3962 nullo

2157 3992 2321 4048 modo
2351 3992 2486 4048 intra
2515 4000 2672 4048 terrm
2701 3992 2952 4048 concludi
2983 3992 3201 4048 valeant
3229 3992 3516 4049 ambitum.
3581 3995 3748 4051 Multo

2155 4089 2334 4144 minus
2365 4089 2531 4162 igitur
2557 4089 2628 4144 ad
2657 4087 2979 4145 incolendos
3025 4104 3193 4162 agros
3253 4089 3418 4145 ullum
3475 4091 3747 4161 supererit

2153 4178 2408 4250 spatium.
2441 4179 2670 4250 Insuper
2696 4177 2862 4234 etiam
2904 4176 3037 4232 illud
3084 4178 3235 4250 quod
3291 4194 3458 4250 supra
3508 4179 3743 4236 diximus

2153 4275 2237 4324 est
2289 4268 2342 4322 in
2403 4267 2708 4340 quastione,
2769 4267 2895 4339 quia
2952 4266 3294 4337 patriarchae,
3351 4267 3621 4339 propheta:
3679 4277 3735 4325 et

2150 4372 2342 4414 omnes
2356 4356 2510 4427 justi,
2534 4356 2752 4429 quijam
2772 4354 3124 4430 fulgebantin
3146 4355 3342 4427 gloria,
3361 4357 3516 4414 novis
3557 4357 3739 4414 denuo

2147 4455 2326 4526 poenis
2353 4453 2659 4509 subduntur
2688 4452 2900 4509 reducti
2930 4451 2999 4508 ad
3045 4467 3294 4524 corpora.
3353 4451 3488 4508 Item
3542 4452 3685 4509 aliud
3719 4472 3732 4508 :

2149 4543 2324 4600 Omne
2354 4542 2497 4599 enim
2519 4541 2666 4615 quod
2688 4542 2945 4608 comedit,
2980 4541 3116 4596 bibit
3159 4549 3211 4596 et
3256 4542 3454 4614 gignit,
3495 4541 3734 4599 delecta-

2067 4623 2117 4685 Ῑ)
2146 4650 2231 4698 tur
2259 4643 2420 4698 etiam
2447 4655 2512 4697 ac
2543 4641 2806 4707 tristatur,
2838 4639 3028 4710 procul
3059 4639 3227 4696 dubio
3264 4655 3328 4696 ex
3369 4647 3592 4713 quatuor
3615 4641 3733 4697 ele-

2145 4731 2345 4787 mentis
2365 4730 2725 4802 compositum
2755 4744 2864 4784 non
2899 4727 3192 4784 dubitatur.
3220 4727 3506 4797 Quomodo
3553 4737 3732 4786 autem

2145 4828 2292 4903 quod
2324 4845 2390 4886 ex
2418 4827 2498 4884 eis
2545 4827 2908 4899 componitur,
2961 4835 3016 4883 et
3059 4826 3412 4899 passionibus
3459 4827 3730 4900 praedictis

2142 4917 2390 4984 afficitur,
2423 4933 2548 4974 cum
2581 4915 2799 4974 eisdem
2828 4913 3113 4972 aﬁ‘ectibus
3151 4915 3268 4972 sine
3324 4917 3619 4974 mutatione
3671 4919 3732 4973 in

2145 5023 2376 5080 regnum
2405 5005 2540 5061 illud
2571 5004 2932 5062 transferetur
2962 5004 3114 5061 γεω
3184 5014 3240 5060 ut
3297 5005 3478 5061 omnia
3530 5021 3730 5062 conce-

2143 5097 2356 5165 damus,
2389 5095 2644 5169 quidnam
2675 5094 2744 5149 de
2765 5093 2850 5148 his
2866 5093 2964 5166 qui
2980 5093 3303 5150 adveniente
3329 5103 3491 5150 uncto
3521 5102 3573 5151 et
3606 5101 3728 5165 post

2142 5184 2401 5240 nascituri
2431 5191 2556 5240 sunt
2585 5200 2646 5240 es
2675 5183 2922 5240 dicturus
2940 5182 2968 5238 ‘2
2997 5182 3360 5240 Moriturosne
3404 5199 3525 5240 esse
3571 5197 3727 5240 asse-

2140 5273 2218 5329 ris
2251 5289 2423 5330 necne
2443 5273 2472 5326 ?

2210 5393 2460 5447 Morsas.
2501 5388 2801 5446 Morientur
2830 5403 2962 5445 sane
2993 5386 3046 5443 in
3078 5385 3274 5445 Christi
3305 5388 3465 5460 regni
3493 5385 3615 5446 fine.

2210 5519 2448 5572 Paraus.
2483 5513 2624 5584 Quid
2655 5513 2825 5587 igitur
2864 5512 3060 5570 facient
3117 5521 3376 5584 parentes
3431 5529 3613 5570 eorum
3666 5513 3725 5569 in

2134 5615 2307 5664 morte
2325 5605 2569 5676 ipsorum
2583 5604 2612 5657 ει
2630 5603 2822 5659 Melius
2838 5617 3073 5674 namque
3097 5602 3206 5657 illis
3229 5603 3374 5658 foret
3393 5618 3500 5658 non
3530 5619 3722 5659 resur-

2132 5721 2284 5778 gere,
2317 5718 2480 5776 quam
2511 5709 2716 5757 tantum
2745 5701 2992 5758 dolorem
3025 5714 3098 5756 ex
3154 5714 3342 5756 eorum
3398 5707 3571 5757 morte
3626 5716 3722 5756 su-

2131 5794 2335 5851 stinere
2348 5834 2361 5848 .

2201 5910 2436 5973 Marsus.
2469 5907 2730 5966 Dicamus
2756 5920 2890 5982 ergo
2913 5921 3010 5966 cos
3037 5921 3148 5964 non
3177 5921 3301 5965 esse
3329 5904 3646 5965 morituros.
