3966 6392
164 414 295 471 593

1690 416 1980 476 DIALOGI
1992 461 2006 476 .

3405 420 3511 484 δθι

253 537 669 595 Paraus.'l'unc
699 538 954 596 mentitur
977 537 1251 613 Scriptura
1289 555 1411 612 quae
1430 539 1578 612 dicit,
1617 541 1791 601 David
1817 543 1873 605 A
1901 544 2279 619 deportabant.
2319 546 2518 605 Levila
2566 544 2729 604 etiam
2782 545 3053 605 decimam
3096 548 3322 608 decima
3348 564 3511 623 quam

161 624 393 681 scilicet
434 625 492 680 in
530 626 767 697 psalmo:
805 626 939 693 Quis
960 630 1047 682 est
1084 626 1246 683 homo
1288 628 1385 701 qui
1413 628 1559 685 vivet
1588 632 1645 685 et
1675 644 1793 686 non

159 714 393 770 videbit
412 718 656 772 mortem
673 715 701 768 ?
723 716 903 784 (Psal.
923 717 1230 785 Lxxxvm.)
1262 716 1511 786 Undique
1531 717 1714 791 igitur,
1746 717 1791 772 si

162 802 509 874 perpendes,
540 810 665 858 sunt
687 802 785 857 tibi
813 803 1022 860 semitm
1064 803 1289 860 rationis
1315 812 1370 859 et
1394 803 1611 877 diﬂ'ugii
1638 806 1793 861 clau-

160 906 275 960 sae,
310 891 458 963 quod
505 891 810 947 nullatenus
856 908 924 948 eo
952 908 1059 963 quo
1087 892 1222 948 dicis
1251 892 1414 948 modo
1460 892 1576 948 ﬁeri
1624 895 1796 966 possit

161 988 518 1036 mortuorum
565 980 903 1048 resurrectio,
954 988 1174 1052 propter
1202 980 1346 1051 quod
1376 980 1519 1038 idem
1548 984 1794 1054 superius

162 1067 623 1123 destruxeramus
651 1068 790 1140 legis
822 1069 1152 1125 testimonio.
1186 1068 1472 1139 Quomodo
1503 1087 1656 1144 ergo,
1688 1071 1795 1127 fra-

166 1163 279 1222 ter,
312 1157 498 1211 anima
535 1164 626 1211 tua
664 1156 973 1226 hujusmodi
1024 1157 1222 1213 fabulis
1266 1158 1572 1214 auscultans
1619 1167 1797 1231 potest

163 1244 465 1317 indulgere
485 1246 514 1298 ?
547 1246 756 1300 Mecum
787 1246 968 1316 itaque
989 1246 1208 1301 Domini
1228 1246 1652 1304 misericordiam
1677 1263 1796 1319 pre

165 1349 322 1400 care,
356 1341 415 1388 ut
440 1333 575 1388 sicut
620 1350 725 1403 me,
756 1334 833 1389 sic
864 1341 912 1389 te
942 1350 1154 1406 quoque
1209 1335 1278 1390 ab
1323 1334 1484 1406 hujus
1508 1335 1793 1393 inﬁdelita-

168 1421 242 1477 tis
277 1422 528 1477 absolvat
556 1438 756 1478 errore.
788 1426 980 1478 Amen.

776 1666 1069 1724 TITULUS
1108 1668 1198 1722 IV.

165 1812 255 1869 Ad
270 1813 687 1873 ostendendum
702 1815 925 1873 Judwos
941 1815 1008 1873 dc
1033 1818 1155 1874 tota
1173 1817 1296 1890 lege
1314 1816 1502 1888 Moysi,
1534 1817 1654 1874 nisi
1676 1833 1783 1891 pa-

244 1918 381 1958 rum
400 1903 717 1971 obseruare,
741 1908 797 1960 ct
808 1903 959 1962 illud
971 1922 1179 1978 parum
1188 1906 1301 1962 Deo
1316 1922 1434 1963 non
1452 1906 1705 1979 placere.

245 2084 494 2140 Mersus.
528 2084 782 2141 Gordium
810 2085 1163 2141 llluminatori
1203 2101 1313 2142 non
1342 2085 1613 2143 immerito
1642 2104 1777 2160 gra—

168 2170 276 2227 tias
315 2189 443 2245 ago,
476 2173 566 2243 qui
598 2181 760 2228 tantze
805 2173 1060 2229 caecitatis
1118 2174 1385 2240 tenebras,
1418 2175 1516 2229 etsi
1571 2192 1714 2244 sero,
1746 2193 1780 2233 a

165 2263 357 2312 nostro
386 2255 592 2326 depulit
619 2256 822 2312 animo.
856 2256 976 2312 Tibi
1007 2273 1222 2328 quoque
1252 2274 1360 2313 non
1388 2257 1584 2328 injuste
1618 2261 1782 2315 maxi-

167 2361 292 2399 mas
337 2352 518 2415 grates
552 2344 812 2416 repende,
846 2345 937 2416 qui
966 2353 1020 2401 et
1045 2346 1506 2416 apertissimarum
1537 2355 1589 2403 et
1619 2348 1778 2403 inex-

162 2434 547 2505 pugnabilium
576 2433 694 2489 luce
741 2433 1033 2502 rationum,
1065 2434 1229 2504 hujus
1263 2451 1295 2490 a
1324 2451 1410 2489 me
1440 2433 1781 2492 inﬁdelitatis

163 2537 408 2577 errorem
465 2520 647 2576 tulisti.
703 2522 860 2577 Nunc
916 2522 960 2576 si
1003 2523 1182 2593 placet
1226 2531 1462 2595 coeptum
1495 2539 1560 2580 ex
1591 2523 1778 2579 ordine

168 2626 526 2681 prosequens,
611 2618 925 2679 sequentem
1010 2610 1406 2682 propositorum
1472 2617 1779 2667 nostrorum

165 2694 319 2765 aperi
352 2700 579 2765 partem.
639 2694 833 2749 Dixisti
889 2693 1034 2748 enim
1063 2709 1161 2748 nos
1188 2694 1256 2749 de
1304 2695 1588 2767 praeceptis
1643 2695 1780 2768 legis

168 2781 456 2836 minimum
487 2781 615 2852 quid
644 2797 826 2853 agere,
860 2788 914 2837 et
940 2781 995 2835 id
1024 2781 1201 2852 ipsum
1238 2783 1352 2837 Dee
1383 2798 1491 2838 non
1540 2783 1774 2854 placere.

168 2865 329 2935 Quod
384 2881 549 2937 quare
596 2866 684 2921 vel
722 2882 828 2936 qua
883 2865 1178 2922 intentione
1232 2866 1453 2933 dixeris,
1514 2866 1780 2922 iuhianter

168 2953 357 3009 audire
386 2953 651 3009 desidero.

240 3078 475 3132 Penus.
507 3075 666 3145 Quod
695 3075 811 3131 dixi
841 3092 939 3133 vos
974 3076 1041 3132 de
1085 3076 1222 3149 legis
1277 3077 1544 3133 mandatis
1601 3076 1772 3133 mini-

164 3181 315 3219 mum
345 3164 475 3235 quid
504 3165 813 3233 observare,
863 3180 961 3220 nec
1006 3165 1353 3233 auctoritatis,
1387 3183 1487 3222 nec
1514 3166 1770 3234 rationis,

1905 636 2243 708 accipiebant
2281 637 2485 692 eisdem
2529 637 2898 693 sacerdotibus
2950 638 3352 711 persolvebant.
3400 640 3508 698 Se-

1904 725 2103 796 ptimus
2120 734 2299 782 autem
2329 741 2501 781 annus
2529 725 2825 782 Sabbatum
2869 735 2985 783 erat
3011 735 3184 795 terrae,
3227 729 3505 800 quinqua-

1902 814 2143 886 gesimus
2170 830 2299 871 vero
2321 814 2579 885 jubilaeus
2598 816 2745 885 (ch.
2795 818 2951 886 xxv).
2986 817 3101 873 Lex
3131 818 3294 873 etiam
3326 818 3509 874 omnis

1904 902 2068 972 leprm
2096 912 2152 958 et
2178 904 2343 984 lepra:
2372 916 2700 975 percussum
2752 904 3041 978 vestigium
3099 906 3248 974 (Leu.
3280 907 3422 977 xm),
3454 914 3511 963 et

1903 990 2187 1047 domorum
2225 992 2507 1061 cicatricis,
2538 999 2593 1046 et
2618 993 3015 1065 erumpentium
3062 995 3385 1066 papularum
3415 996 3506 1051 lu-

1902 1088 2083 1137 centes
2108 1082 2352 1148 maculaa,
2384 1089 2438 1136 et
2465 1082 2521 1135 in
2549 1081 2729 1137 varias
2763 1076 2974 1152 species
3021 1083 3265 1139 celerum
3312 1091 3498 1140 muta-

1903 1175 2095 1239 terum,
2125 1178 2186 1225 nt
2213 1176 2395 1241 posset
2444 1170 2568 1225 sciri
2624 1185 2730 1240 quo
2775 1178 3017 1243 tempore
3046 1171 3309 1227 mundum
3367 1173 3498 1245 quid

1900 1258 1986 1313 vel
2014 1258 2352 1317 immundum
2381 1266 2517 1315 esset
2544 1258 2883 1315 sacerdotum
2904 1268 3020 1315 erat
3033 1259 3238 1331 judicio
3265 1260 3500 1316 subdita.

1898 1349 2009 1403 Lex
2033 1362 2245 1417 quoque
2274 1347 2392 1417 ejus
2419 1347 2511 1418 qui
2538 1346 2741 1402 ﬂuxum
2761 1348 2984 1403 seminis
3005 1349 3308 1420 patiebatur
3325 1357 3379 1405 et
3397 1365 3489 1404 mu

1897 1436 2044 1490 lieris
2089 1452 2211 1506 quae
2246 1436 2531 1491 menstruis
2576 1436 2910 1508 temporibus
2955 1437 3307 1507 separabatur
3351 1439 3500 1507 (Leu.

1898 1526 2013 1596 xv),
2040 1523 2406 1595 sacriﬁcioque
2457 1523 2844 1596 puriﬁcationis
2894 1540 3102 1591 eorum,
3160 1525 3499 1582 sacerdotum

1895 1613 2353 1669 constituebantur
2378 1612 2619 1669 arbitrio.
2653 1613 2712 1669 Si
2740 1614 2861 1684 quis
2886 1613 3122 1669 hominis
3155 1615 3352 1670 mortui
3384 1622 3500 1671 ten-

1893 1703 2087 1758 torium
2117 1702 2376 1771 introiret,
2403 1710 2496 1758 aut
2549 1701 2781 1758 cadaver
2818 1702 2979 1758 occisi
3038 1702 3343 1775 tetigissset,
3374 1703 3494 1760 sive

1892 1807 1953 1847 os
1980 1792 2123 1846 illius
2149 1798 2241 1846 aut
2266 1791 2575 1862 sepulcrum
2606 1798 2713 1846 tam
2744 1791 2860 1863 ipse
2890 1807 3053 1862 quam
3081 1792 3333 1849 universa
3360 1808 3493 1849 vasa

1808 1893 1863 1955 Β
1892 1880 2123 1946 tentorii,
2169 1879 2448 1934 immunda
2494 1888 2662 1946 erant,
2721 1879 2895 1935 donec
2950 1879 3249 1936 combustae
3304 1880 3493 1937 vitulo

1889 1965 2158 2021 cineribus
2185 1980 2403 2037 aspersa
2432 1962 2819 2021 mundarentur
2863 1965 3056 2034 (Deut.
3087 1968 3225 2027 xw).
3266 1966 3491 2021 Preter-
3529 1952 3531 1955 ’

1889 2070 1956 2110 ea
1982 2054 2089 2109 alia
2117 2053 2514 2125 quamplurima
2540 2052 2596 2107 in
2626 2052 2747 2126 lege
2776 2060 3047 2125 praecepta
3071 2058 3195 2111 sunt
3234 2052 3372 2122 (Lee
3389 2055 3490 2123 IV),

1889 2158 2011 2214 quae
2039 2158 2073 2197 a
2100 2141 2258 2197 vobis
2277 2141 2396 2211 jam
2425 2140 2629 2196 dudum
2675 2140 2899 2197 omnino
2944 2141 3306 2211 praetermissa
3345 2150 3486 2198 sunt.

1959 2295 2202 2350 Mersus.
2221 2294 2300 2349 De
2318 2292 2454 2366 legis
2464 2293 2745 2366 praeceptis
2765 2309 2885 2364 quae
2905 2293 3127 2349 minime
3139 2294 3490 2351 observamus

1888 2399 2226 2454 nequaquam
2255 2381 2612 2453 redarguendi
2641 2398 2845 2446 sumus,
2876 2398 2998 2438 cum
3027 2399 3057 2437 e
3111 2382 3285 2455 patria
3311 2391 3493 2441 nostra

1888 2467 2073 2524 exules
2100 2467 2286 2535 simus,
2322 2466 2628 2537 temploque
2657 2474 2711 2521 et
2738 2465 2994 2539 legitimis
3030 2483 3328 2524 careamus.

1959 2607 2200 2662 Parcus.
2232 2605 2602 2663 Excusatienis
2620 2623 2838 2663 causam
2867 2606 3161 2664 invalidam
3196 2607 3487 2678 protulisti,

1885 2697 2024 2750 Nam
2053 2695 2099 2750 si
2127 2696 2242 2750 Deo
2268 2702 2444 2751 vestra
2477 2694 2742 2751 sacriﬁcia
2768 2703 2989 2767 accepta
3016 2703 3212 2763 essent,
3245 2711 3354 2752 non
3390 2712 3489 2753 vos

1884 2784 1959 2840 ita
1986 2784 2054 2839 de
2101 2791 2242 2839 terra
2288 2782 2554 2855 ejecisset,
2585 2792 2646 2841 ut
2673 2786 2791 2841 haec
2836 2800 2958 2856 quae
2981 2785 3215 2856 jusserat
3259 2784 3486 2841 minime

1886 2873 2114 2944 possetis
2140 2873 2390 2943 implere.

1952 3006 2197 3062 Mersus.
2230 3005 2377 3061 Absit
2405 3013 2464 3061 ut
2490 3021 2588 3062 nos
2633 3005 2755 3062 ideo
2783 3007 2851 3062 de
2876 3007 2991 3063 sole
3022 3014 3245 3079 peteme
3286 3008 3476 3079 expul-

1882 3094 2045 3160 lisset,
2104 3110 2171 3149 ne
2225 3093 2344 3163 ejus
2399 3094 2684 3166 praeceptis
2724 3095 3079 3151 ebsecundari
3135 3095 3439 3152 valeremus
3460 3138 3475 3164 ,

1881 3182 2136 3253 quoniam
2191 3198 2310 3259 nou
2353 3189 2493 3238 esset
2546 3198 2682 3253 opus
2709 3183 2967 3255 sapientis
3021 3192 3075 3238 et
3095 3183 3226 3254 justi
3274 3184 3481 3255 aliquid

165 3252 525 3344 cumpliquido
567 3259 768 3344 pateat,
820 3253 1027 3326 indiget
1081 3253 1418 3324 probatione.
1465 3262 1525 3309 ιιι
1558 3255 1615 3344 in
1644 3255 1775 3327 ipsis
1803 3251 1853 3314 Ο
1874 3251 2086 3341 jubere,
2117 3270 2262 3341 quod
2305 3255 2461 3326 idem
2508 3251 2853 3341 postmodum
2903 3270 3019 3328 ﬁeri
3049 3251 3382 3344 prohiberet:
3416 3274 3482 3329 Et

166 3340 438 3397 sacriﬁciis
466 3341 684 3413 probari
714 3348 906 3413 potest,
937 3358 1057 3412 quae
1086 3358 1429 3413 nequaquam
1462 3343 1765 3399 celebratis.

166 3431 306 3485 Nam
334 3446 432 3485 nec
459 3429 586 3502 agni
632 3429 909 3484 victimam
940 3437 1099 3501 prout
1124 3431 1255 3485 olim
1286 3430 1551 3487 matutino
1582 3438 1635 3485 et
1680 3447 1770 3487 ve-

167 3518 401 3590 spertino
471 3518 763 3574 immolatis
828 3525 1089 3588 tempere,
1164 3535 1265 3574 nec
1339 3519 1765 3585 neomeniarum,

168 3602 547 3669 Sabbatorum,
593 3602 1147 3673 cmremeniarumque
1176 3603 1490 3659 holocausta
1531 3603 1772 3659 celebra-

169 3688 253 3757 tis,
285 3707 384 3746 nec
412 3691 585 3763 panis,
618 3691 728 3745 vini
760 3698 813 3746 et
840 3691 945 3747 olei
975 3707 1097 3762 qua:
1122 3691 1370 3746 similiter
1398 3692 1772 3764 postposuistis

166 3780 422 3835 libamina
442 3780 631 3848 (Num.
664 3793 877 3845 xxvm;
900 3781 1261 3849 Psalmxxx),
1287 3788 1379 3836 aut
1398 3781 1768 3851 quotidianum

169 3869 326 3924 etiam
355 3875 672 3939 apparatum
709 3883 926 3937 mensae,
961 3868 1017 3922 in
1047 3885 1151 3938 qua
1179 3869 1409 3941 septimo
1437 3885 1653 3941 semper
1683 3869 1771 3926 die

168 3968 333 4023 panes
358 3951 740 4023 propositionis
784 3952 1084 4007 ministrare
1128 3953 1286 4008 vestri
1333 3961 1513 4023 patres
1539 3969 1770 4009 consue-

171 4048 353 4096 verant
405 4040 604 4111 (Excd.
663 4044 825 4111 xxv).
886 4040 1193 4096 Luminaria
1247 4057 1460 4111 quoque
1509 4042 1768 4097 matutine

175 4138 411 4201 tempore
461 4136 780 4200 praeparata,
858 4129 1164 4200 vespertino
1202 4130 1587 4199 accendebant,
1658 4131 1769 4185 eis-

173 4218 397 4287 demque
425 4218 757 4287 temporibus
785 4217 1082 4288 thymiama
1142 4219 1427 4273 thuribulis
1455 4219 1769 4289 impositum

1878 3359 2069 3415 iterum
2133 3376 2227 3415 cur
2281 3376 2346 3415 ea
2398 3376 2511 3415 non
2552 3359 2857 3429 fecerimus,
2914 3361 3178 3417 rationem
3225 3360 3423 3418 habeat
3451 3379 3485 3417 a

1877 3448 2035 3503 nobis
2061 3448 2301 3521 exigere,
2333 3448 2427 3503 sed
2448 3449 2574 3520 quia
2593 3448 2918 3520 deliquimus
2946 3450 3002 3505 in
3029 3457 3320 3520 conspectu
3340 3450 3481 3521 ejus,

1877 3537 2041 3591 iratus
2093 3537 2350 3592 adversus
2405 3552 2522 3604 nos,
2581 3536 2743 3607 ejecit
2787 3537 2855 3593 de
2897 3546 3038 3595 terra
3091 3538 3184 3595 ubi
3226 3537 3345 3608 ejus
3373 3554 3486 3595 non

1876 3641 2160 3695 possumus
2203 3626 2427 3697 implere
2466 3633 2754 3698 praecepta.
2784 3626 2981 3683 Nostra
3009 3626 3191 3697 itaque
3226 3626 3484 3699 impossi-

1875 3714 2055 3770 bilitas
2083 3730 2190 3770 non
2221 3714 2320 3770 erit
2348 3714 2690 3786 inculpanda,
2735 3714 2910 3771 donec
2966 3724 3177 3787 tempus
3206 3715 3481 3784 adveniat,

1877 3818 1983 3873 quo
2039 3801 2107 3858 ad
2158 3809 2354 3858 terram
2407 3802 2754 3858 habitationis
2808 3811 3004 3861 nostrae
3046 3811 3398 3872 revertamur,
3430 3814 3484 3860 et

1877 3898 2001 3947 tunc
2028 3906 2094 3946 ea
2122 3906 2243 3962 qua
2265 3890 2426 3961 jussit
2466 3891 2623 3947 nobis
2664 3892 2927 3947 Dominus
2975 3907 3140 3964 opere
3180 3892 3484 3965 complebi-

1875 3996 2014 4046 mus,
2073 3979 2231 4050 eique
2281 3977 2598 4035 sacriﬁcium
2670 3987 2911 4037 nostrum
2967 3979 3302 4051 acceptabile
3357 3981 3475 4049 erit,

1875 4067 2333 4139 quemadmodum
2387 4071 2650 4140 propheta
2678 4076 2898 4125 testatur
2926 4069 3217 4126 Malachias
3240 4069 3426 4125 dicens
3458 4088 3471 4125 :

1877 4158 1944 4211 Et
1954 4157 2197 4230 placebit
2208 4158 2317 4213 Deo
2344 4156 2692 4226 sacriﬁcium
2710 4159 2857 4217 Iuda
2878 4164 2935 4215 ct
2949 4159 3302 4216 Hierusalem
3324 4160 3476 4215 sicut

1875 4246 1993 4302 dies
2012 4245 2230 4311 saeculi,
2266 4248 2324 4301 et
2358 4247 2510 4301 sicut
2539 4248 2685 4303 anni
2704 4248 2931 4321 antiqui
2952 4248 3179 4319 (Malac.
3213 4249 3317 4313 ιιι).

176 4307 230 4359 in
280 4306 477 4375 templo
532 4306 760 4361 cremari
825 4305 1117 4371 faciebant,
1186 4305 1552 4363 ordinationes
1607 4307 1769 4362 etiam

176 4402 327 4465 atque
380 4394 656 4449 unctiones
700 4394 1065 4462 sacerdotum,
1126 4395 1411 4465 variasque
1468 4397 1768 4451 vestimeu-
1946 4395 2182 4449 Parens.
2234 4393 2409 4463 Hujus
2453 4395 2752 4466 prephetiae
2811 4396 3195 4464 testimonium,
3226 4395 3359 4450 nihil
3407 4393 3477 4451 ad

178 4490 343 4538 terum
372 4483 693 4538 mutationes
717 4482 941 4550 (Εωοάη
984 4486 1150 4551 xxx),
1185 4500 1285 4538 nec
1340 4483 1686 4539 multimodas
1713 4484 1770 4538 in
1876 4489 2112 4539 nostrum
2141 4482 2330 4537 attinet
2346 4484 2700 4554 propositum.
2725 4485 2886 4553 Nam,
2919 4485 2963 4539 si
2997 4484 3390 4557 praecedentem
3421 4490 3477 4539 et

177 4569 439 4627 sumendis
464 4570 602 4625 cibis
626 4570 931 4635 varietates,
962 4570 1379 4626 ministeriorum
1430 4586 1644 4642 quoque
1674 4587 1772 4642 per
1795 4610 1850 4670 D
1873 4577 2183 4641 sequentem
2213 4570 2524 4630 discusseris
2576 4572 2876 4643 historiam,
2908 4572 2977 4630 de
3018 4572 3294 4629 sacriﬁciis
3331 4581 3475 4628 tem-

177 4654 406 4725 siugulas
444 4653 814 4708 hebdomadas
860 4654 1272 4722 Vicissitudines,
1304 4655 1600 4710 secundum
1632 4655 1770 4727 legis
1797 4653 1848 4670 υ
1875 4659 1950 4732 pli
1979 4657 2122 4730 quod
2168 4658 2350 4714 Esdrze
2395 4661 2728 4730 temporibus
2769 4661 3091 4718 aediﬁcatum
3122 4670 3219 4729 est,
3268 4662 3470 4717 dictum

179 4749 438 4813 praecepta
463 4742 751 4797 servabant
778 4743 929 4811 (Leu.
962 4746 1101 4813 vm),
1133 4743 1349 4798 Levitas
1394 4743 1556 4798 etiam
1586 4759 1775 4799 secun-
1871 4762 1985 4801 esse
2015 4746 2256 4801 invenies
2309 4747 2411 4817 (III
2445 4749 2600 4805 Esdr.
2648 4752 2787 4819 VIII).
2848 4750 2926 4806 De
2956 4750 3121 4806 exilio
3150 4758 3329 4805 autem
3371 4765 3473 4805 ve-

181 4832 302 4886 dum
328 4829 506 4902 legem
525 4830 722 4885 electos
746 4829 1070 4886 erdinabant
1085 4832 1271 4900 (Deut.
1305 4836 1449 4901 xw),
1482 4840 1535 4886 et
1555 4832 1774 4887 musicis
1869 4842 1978 4891 stre
2008 4835 2151 4905 quod
2180 4835 2294 4890 dixi
2322 4836 2467 4892 idem
2496 4839 2777 4907 conﬁrmo,
2809 4840 3011 4896 scilicet
3056 4839 3198 4910 quod
3224 4838 3346 4895 ideo
3376 4853 3476 4893 vos

182 4918 533 4974 instrumentis
558 4926 718 4988 prout
754 4920 965 4989 Moyses
1013 4918 1311 4974 instituerat
1339 4920 1565 4991 psallere
1613 4920 1776 4978 facie-
1871 4922 1940 4978 de
1978 4930 2118 4978 term
2168 4925 2343 4993 cjecit,
2403 4942 2470 4980 ne
2526 4925 2788 4982 sacriﬁcia
2817 4926 3080 4994 faceretis,
3139 4927 3477 4995 neomenias,

184 5009 306 5064 bant
330 5008 530 5077 (Leuit.
571 5022 668 5075 in;
717 5007 867 5063 Psal.
896 5008 1100 5079 Lxxx).
1134 5008 1555 5080 Primogenitum
1594 5018 1771 5065 autem
1871 5012 1957 5068 vel
1986 5012 2252 5082 quaslibet
2280 5013 2595 5070 festivitates
2622 5016 2870 5072 coleretis
2910 5016 3133 5088 pristino
3164 5032 3333 5084 more,
3374 5031 3477 5072 nec

184 5096 403 5153 hominis
447 5104 606 5167 atque
654 5096 1056 5151 immundorum
1086 5097 1399 5153 animalium
1438 5098 1610 5169 pretio
1636 5097 1777 5154 redi-
1871 5100 2057 5172 templi
2085 5100 2274 5156 limina
2302 5103 2559 5158 tereretis.
2594 5104 2728 5160 Cum
2766 5105 2913 5160 enim
2941 5106 3086 5161 Deus
3124 5121 3224 5176 per
3248 5107 3473 5176 Moysen

186 5185 392 5241 mebant
445 5186 634 5253 (Num.
661 5187 744 5255 x),
790 5184 1197 5256 primitivosque
1242 5185 1495 5242 arborum
1553 5185 1771 5253 fructus,
1869 5187 2131 5244 sacriﬁcia
2159 5186 2274 5245 ﬁeri
2304 5192 2579 5263 praecepit,
2609 5192 2732 5249 ideo
2769 5194 2952 5263 utique
3001 5193 3146 5261 fecit,
3178 5194 3320 5249 utin
3346 5209 3472 5249 eum

188 5273 238 5328 in
262 5289 404 5330 esum
432 5273 649 5330 Domini
694 5272 992 5329 oﬁ‘erebant
1035 5274 1225 5329 altario
1255 5274 1456 5341 (Exod.
1502 5280 1652 5345 xm),
1683 5292 1774 5345 qui
1870 5284 2017 5332 recte
2045 5277 2341 5342 credentes.
2373 5287 2427 5334 et
2456 5286 2565 5336 tota
2593 5296 2717 5337 eum
2772 5289 2952 5337 mente
2998 5282 3302 5355 diligentes,
3335 5282 3475 5356 legis

190 5361 241 5415 in
265 5376 407 5416 esum
435 5360 802 5416 sacerdotibus
836 5361 1126 5416 credebant
1155 5361 1304 5432 (ch.
1354 5364 1540 5432 xxm).
1591 5363 1774 5419 Trium
1870 5382 1983 5421 suae
2012 5374 2280 5437 praecepta
2333 5383 2457 5423 cum
2503 5377 2704 5439 quanta
2756 5370 2984 5427 decebat
3037 5371 3393 5428 sollicitudine
3424 5380 3477 5427 et

190 5465 435 5507 annorum
460 5450 661 5505 fructus
689 5449 742 5504 in
773 5449 1058 5505 arboribus
1092 5466 1440 5521 permanens,
1472 5451 1606 5507 nihil
1647 5468 1777 5507 con-
1873 5454 2136 5509 munditia
2196 5455 2542 5526 custodirent,
2592 5474 2700 5513 non
2741 5458 2886 5529 quod
2953 5459 3112 5525 furta,
3157 5459 3470 5528 homicidia,

196 5539 424 5595 ferebant
453 5538 713 5593 utilitatis.
746 5537 949 5607 Quarto
982 5554 1124 5594 anno
1155 5540 1333 5594 omnis
1362 5540 1562 5595 fructus
1591 5557 1773 5596 earum

195 5625 608 5682 sanctiﬁcabatur
659 5626 917 5681 laudabili
957 5627 1210 5682 Domino.
1265 5628 1535 5684 Primitias
1562 5645 1776 5700 quoque

196 5716 445 5769 fructuum
473 5712 839 5769 sacerdotibus
867 5711 1165 5769 efferebant
1184 5714 1375 5784 (Num.
1409 5731 1573 5783 xvm;
1595 5717 1774 5774 Exod.

198 5802 389 5872 xxxvr),
420 5810 474 5858 et
500 5805 560 5858 el
603 5801 813 5859 duabus
852 5801 1080 5859 decimis
1120 5820 1285 5860 unam
1315 5803 1517 5861 dabant
1558 5806 1774 5876 Levitis,

200 5892 403 5949 alteram
457 5890 793 5947 Hierusalem
848 5891 905 5947 in
958 5892 1078 5949 loco
1151 5900 1335 5950 sancto
1387 5894 1777 5951 comedendam

1871 5542 2108 5612 rapinas,
2140 5550 2192 5598 et
2221 5552 2413 5600 caetera
2474 5547 2776 5604 exercendo
2834 5547 2982 5616 vitia,
3019 5564 3117 5605 nec
3154 5565 3260 5605 non
3318 5549 3480 5606 idolis

1872 5630 2247 5701 sacriﬁcando,
2278 5633 2377 5689 Dei
2407 5635 2586 5707 legem
2614 5635 2838 5709 indigne
2875 5644 3180 5708 tractarent,
3216 5645 3267 5693 et
3296 5638 3480 5695 multis

1874 5719 2065 5789 polluti
2121 5722 2402 5794 contagiis,
2461 5723 2577 5780 Deo
2616 5740 2745 5781 vero
2808 5723 3175 5796 sacriﬁcaturi,
3233 5735 3476 5783 sanctum

1876 5808 1994 5881 ejus
2022 5810 2284 5883 templum
2310 5811 2520 5887 indigni
2562 5813 2990 5888 ingrederentur,
3022 5816 3475 5887 quemadmodum

1878 5900 2141 5971 propheta
2180 5900 2479 5958 Hieremias
2523 5909 2744 5959 testatur
2779 5903 2998 5961 dicens:
3052 5907 3188 5962 Ecce
3229 5918 3323 5960 vos
3352 5921 3459 5962 con
