3966 6398
465 404 570 464 595

1395 401 1596 458 PETRI
1635 399 1984 458 ALPHONSI
2023 401 2124 458 EX
2159 401 2400 461 IUDEO
2440 402 2848 461 CHRISTIANI

3691 405 3813 461 596

457 532 642 606 ﬁditis
662 529 811 588 vobis
837 529 904 587 in
932 528 1116 588 verbis
1139 527 1426 587 mendacii
1456 543 1580 602 qua
1601 543 1720 586 non
1751 529 2069 602 proderunt
2095 528 2154 591 A
2248 530 2497 588 Morsu.
2539 533 2603 588 In
2631 534 2734 589 hoc
2774 529 2944 589 verbo
2973 529 3072 588 tibi
3119 531 3222 605 ipsi
3263 531 3568 592 contrarius
3595 539 3812 588 osten-

463 617 1671 690 vvbis,furari,occidere,adulterarijurare
1685 617 2066 687 mendaciter,

469 711 645 768 libare
658 710 963 778 Baalim,et
975 709 1059 765 ire
1073 710 1200 781 post
1215 707 1342 763 deos
1354 707 1569 763 alienos
1584 722 1718 779 quos
1734 707 2069 778 ignorastis,

468 803 526 858 et
547 799 786 856 venistis
801 802 859 854 et
875 797 1119 855 stetistis
1137 811 1330 852 coram
1349 811 1440 852 me
1460 796 1523 850 in
1540 795 1702 852 domo
1723 796 1850 864 hac,
1875 797 1938 852 in
1960 813 2073 870 qna

469 891 795 946 invocatum
807 890 892 944 est
908 901 1113 943 nomen
1125 900 1339 948 meum,
1355 883 1656 942 etdixistis
1671 899 1684 940 :
1702 883 1958 962 Liberati
1972 901 2074 942 su-

467 991 685 1045 mus,eo
697 976 840 1049 quod
848 976 1094 1046 fecimus
1106 989 1300 1030 omnes
1313 973 1765 1030 abominationes
1779 973 1921 1030 istas
1934 975 2069 1044 (Jer.

467 1064 944 1136 vn).Abominatus
955 1071 1035 1120 est
1044 1063 1222 1134 itaque
1233 1061 1554 1134 Deuslopera
1565 1070 1820 1128 vestra,et
1829 1063 2076 1120 victimas

468 1170 592 1210 cum
620 1153 858 1219 canticis,
891 1153 1205 1224 expulitque
1241 1168 1340 1208 vos
1367 1152 1436 1208 de
1464 1152 1668 1223 templo
1697 1168 1815 1218 suo,
1851 1159 1906 1208 et
1933 1160 2076 1208 terra

467 1243 604 1299 sicut
629 1243 796 1299 Isaias
823 1244 1088 1314 propheta
1133 1241 1469 1311 apertissime
1508 1241 1700 1296 talibus
1727 1241 1908 1298 verbis
1935 1241 2074 1297 iusi-

469 1340 614 1388 nuat:
632 1332 748 1402 Quo
757 1332 901 1389 mihi
911 1331 1346 1388 multitudinem
1357 1330 1720 1388 victimarum
1735 1332 2072 1398 vestrarum,

469 1419 613 1478 dicit
628 1421 902 1478 Dominus
925 1420 954 1473 ‘2
979 1421 1192 1476 Plenus
1210 1434 1358 1484 sum,
1393 1417 1723 1476 holocausta
1743 1420 1994 1476 arietum
2017 1424 2076 1477 et

467 1509 691 1583 adipem
699 1509 1024 1584 pinguium,
1046 1511 1104 1566 et
1126 1509 1462 1580 sanguinem
1477 1508 1808 1575 vitulorum,
1827 1512 1886 1564 et
1907 1525 2078 1581 agno-

469 1603 681 1668 rum,et
700 1598 992 1658 hircorum
1009 1598 1190 1654 nolui.
1200 1596 1338 1654 Cum
1351 1597 1621 1654 veniretis
1643 1600 1784 1654 ante
1804 1612 2074 1671 conspec-

472 1691 598 1745 tum
611 1703 822 1753 meum,
840 1688 966 1761 quis
979 1686 1242 1760 quaesivit
1250 1687 1368 1744 hac
1383 1685 1453 1742 de
1472 1686 1735 1743 manibus
1765 1687 1988 1753 vestris,
2009 1691 2080 1744 ut

472 1774 852 1834 ambularetis
863 1777 927 1833 in
941 1776 1111 1832 atriis
1123 1776 1266 1832 meis
1281 1775 1310 1828 ?
1333 1775 1444 1832 Nec
1455 1775 1710 1847 offeratis
1731 1775 1890 1830 ultra
1903 1776 2078 1831 sacri-

470 1865 670 1936 ficium
695 1867 944 1938 frustra.
966 1864 1268 1922 lncensum
1296 1863 1643 1922 abominatio
1655 1867 1739 1920 est
1769 1863 2074 1922 mihiJVeo-
2102 1888 2155 1950 Β

471 1957 748 2022 maniam,
785 1953 1091 2012 Sabbatum
1102 1959 1158 2009 et
1173 1953 1522 2024 festivitates
1537 1954 1688 2010 alias
1715 1970 1833 2011 non
1849 1957 2062 2026 feram.

471 2043 804 2117 Iniquisunt
817 2045 995 2099 coetus
1010 2043 1203 2100 vestri.
1220 2041 1498 2100 Kalendas
1507 2046 1726 2100 vestras
1739 2043 2078 2099 etsolemni-

473 2137 620 2190 tates
637 2135 854 2189 vestras
868 2131 1044 2190 adivit
1057 2133 1258 2188 anima
1274 2133 1586 2202 mea,facta
1614 2137 1750 2188 sunt
1781 2133 1927 2188 mihi
1949 2147 2074 2189 mo-

471 2221 911 2278 lesta.Laboravi
919 2220 1234 2278 sustinens.
1250 2219 1409 2291 Quod
1421 2228 1471 2276 et
1483 2221 1782 2276 Hieremias
1792 2219 2074 2277 conﬁrmat

468 2309 654 2366 dicens
669 2329 680 2365 :
705 2311 770 2369 Ut
783 2309 917 2383 quid
927 2310 1071 2366 mihi
1083 2309 1290 2367 thusde
1306 2310 1448 2367 Saba
1463 2309 1768 2382 aﬂertis,et
1782 2311 2070 2366 calamum

467 2415 637 2456 suave
651 2400 901 2456 olentem
919 2398 984 2455 de
1017 2402 1174 2456 terra
1199 2399 1498 2472 longinqua
1513 2399 1542 2452 ?
1573 2399 2069 2457 Holocaustomata

463 2492 654 2546 vestra
669 2503 787 2545 non
819 2491 957 2544 sunt
983 2491 1216 2562 accepta
1228 2491 1286 2546 et
1301 2488 1547 2545 victimae
1575 2491 1778 2544 vestrae
1797 2505 1914 2546 non
1930 2489 2066 2562 pla-

460 2581 709 2634 cuerunt
721 2577 864 2634 mihi
875 2577 1010 2646 (Jer.
1035 2579 1135 2647 Vl).
1157 2576 1292 2632 Item
1312 2575 1478 2632 alibi:
1510 2576 1650 2634 Cum
1679 2577 2064 2648 jejunaverint

462 2681 579 2724 non
595 2664 906 2723 exaudiam
937 2679 1131 2740 preces
1149 2681 1368 2734 eorum,
1403 2669 1460 2722 et
1483 2667 1534 2722 si
1569 2666 1883 2722 obtulerint
1905 2666 2062 2725 holo-

461 2758 838 2823 caustomata,
862 2759 919 2811 et
929 2754 1211 2821 victimas,
1229 2770 1348 2812 non
1363 2755 1673 2826 suscipiam
1685 2770 1751 2812 ea
1773 2757 1907 2825 (Jer.
1925 2757 2058 2826 xxv).

459 2843 537 2898 De
559 2843 664 2899 hoc
682 2843 844 2898 etiam
865 2844 1031 2898 Amos
1064 2844 1328 2914 propheta
1346 2843 1447 2899 ait:
1469 2843 1568 2900 Odi
1583 2846 1640 2900 et
1661 2844 1879 2917 profeci
1896 2845 2060 2916 festi-

451 2931 660 2988 vitates
672 2934 902 2997 vestras,
921 2932 1107 2988 etnon
1120 2931 1343 3004 capiam
1360 2933 1580 2990 odorem
1597 2936 1844 2990 mtuum
1861 2937 2060 2990 vestro-

447 3035 599 3077 rum.
645 3019 800 3090 Quod
834 3019 886 3076 si
931 3020 1252 3077 attuleritis
1273 3021 1417 3077 mihi
1447 3021 1958 3090 holocaustomata,
2001 3026 2058 3078 et

443 3123 692 3167 munera
713 3112 896 3166 vestra
912 3122 1026 3164 non
1043 3109 1375 3180 suscipiam,
1393 3113 1452 3166 et
1477 3113 1604 3166 vota
1627 3111 1931 3184 pinguium
1947 3126 2060 3168 ves-

445 3201 666 3255 trorum
695 3213 812 3254 non
833 3196 1156 3270 respician.
1193 3198 1468 3270 Auferam
1503 3199 1824 3255 tumultum
1845 3200 2055 3256 carmi-

440 3303 583 3343 num
602 3289 854 3352 tuorum,
873 3289 932 3342 et
941 3286 1171 3344 cantica
1185 3286 1322 3359 lyra:
1344 3290 1459 3343 tua:
1473 3303 1590 3344 non
1608 3287 1844 3344 audiam
1864 3289 1924 3358 (Α
1936 3305 2052 3346 mos

439 3376 519 3446 v.)
549 3376 630 3432 De
647 3376 753 3431 hoc
773 3375 964 3430 iterum
987 3375 1279 3431 Malachias
1298 3375 1372 3430 ait
1393 3393 1412 3432 :
1435 3360 1558 3432 Non
1577 3380 1663 3434 est
1681 3376 1826 3433 mihi
1848 3378 2052 3434 volun-

437 3467 528 3521 tas
543 3465 607 3520 in
625 3464 796 3532 vobis,
815 3463 956 3521 dicit
965 3464 1227 3521 Dominus
1237 3465 1620 3533 exercituum,
1639 3469 1697 3522 et
1711 3482 1926 3524 munus
1939 3483 2055 3524 non

439 3553 749 3627 suscipiam
783 3551 849 3609 de
879 3567 1062 3610 manu
1083 3555 1266 3610 vestro
1278 3553 1490 3625 (Malae.
1515 3551 1576 3625 ι).
1623 3554 1688 3610 Et
1725 3555 2007 3612 Psalmista
2038 3569 2051 3607 :

436 3641 794 3712 Sacriﬁcium
805 3644 862 3698 et
871 3641 1223 3699 oblationem
1239 3641 1504 3709 noluisti,
1533 3658 1702 3700 aures
1717 3647 1912 3702 autem
1931 3661 2059 3718 per.

437 3731 631 3804 fecisti
649 3731 797 3788 mihi
811 3730 988 3801 (Psal.
1012 3731 1231 3801 xxxtx).
1254 3731 1358 3786 Per
1383 3728 1522 3786 Osee
1559 3747 1772 3804 quoque
1813 3734 2059 3806 Prophe-

447 3827 557 3876 tam
591 3819 669 3875 sic
705 3818 810 3874 ait:
853 3818 1082 3876 Cessare
1112 3821 1333 3892 faciam
1379 3835 1548 3876 omne
1578 3822 1854 3892 gaudium
1907 3823 2054 3896 ejus.

442 3909 861 3966 solemnitatem
881 3923 1026 3980 ejus,
1049 3909 1410 3966 neomeniam
1426 3910 1570 3981 ejus,
1587 3909 1890 3968 Sabbatum
1908 3913 2056 3984 ejus,

446 4003 503 4056 et
518 3999 714 4056 omnia
729 4000 881 4070 festa
899 4001 1220 4070 temporum
1239 3997 1362 4070 ejus
1378 3997 1525 4068 (0se.
1546 3999 1630 4068 ιι),
1650 4006 1703 4054 et
1723 4000 1891 4056 multa
1913 4001 2019 4056 alia
2042 4016 2056 4071 ;

450 4103 572 4158 qua
599 4102 916 4142 enumerare
951 4086 1176 4160 longum
1224 4095 1328 4142 est.
1385 4088 1514 4144 Haec
1541 4096 1664 4144 sunt
1709 4089 1982 4161 prmeipua
2010 4099 2062 4146 et

451 4177 662 4247 majora
688 4176 826 4249 legis
853 4183 1046 4233 vestrae
1077 4184 1367 4249 praecepta,
1400 4193 1538 4248 quae,
1573 4177 1711 4233 sicut
1747 4180 2063 4252 praphctica

456 4266 744 4324 auctoritas
803 4271 857 4321 et
899 4264 1245 4335 praesentium
1297 4272 1602 4338 temporum
1653 4266 1854 4324 indicat
1907 4276 2058 4338 aetas,

459 4355 606 4411 Deus
631 4368 974 4426 nequaquam
1003 4354 1120 4411 vult
1147 4353 1215 4409 de
1244 4369 1411 4410 manu
1437 4355 1714 4427 suscipere
1740 4365 1935 4413 vestra.

531 4499 780 4554 Movsns.
799 4495 1020 4569 Omnia,
1043 4513 1166 4569 qum
1185 4497 1439 4556 induxisti
1470 4503 1854 4573 praphetarum
1873 4503 2058 4575 verba,

463 4598 532 4655 de
583 4594 894 4668 Babyloniae
947 4595 1254 4666 captivitate
1311 4604 1366 4652 et
1419 4597 1649 4654 dicimus
1703 4607 1754 4656 et
1795 4600 2064 4657 credimus
2094 4606 2146 4667 D

463 4696 628 4752 fuisse
683 4693 960 4768 praedicta,
991 4700 1044 4749 et
1097 4693 1152 4748 in
1188 4693 1379 4750 eadem
1432 4697 1720 4769 completa.
1761 4699 1903 4756 Nam
1946 4709 2070 4772 post

467 4797 642 4869 ipsam
671 4800 726 4850 et
751 4791 1004 4849 divinitas
1055 4807 1156 4849 nos
1207 4793 1464 4865 respexit,
1503 4803 1556 4850 et
1583 4795 1844 4854 sacriﬁcia
1891 4807 2072 4856 nostra

470 4894 722 4970 suscepit.

489 5059 498 5064 ι
547 5022 768 5078 Panos
797 5014 1176 5090 Explanationi
1216 5024 1320 5074 tute
1348 5034 1502 5074 meus
1529 5019 1734 5090 optime
1773 5021 2076 5079 intellectus

477 5116 787 5177 concordat‘
815 5117 952 5174 Cum
981 5113 1126 5172 enim
1157 5114 1300 5171 Deus
1327 5131 1424 5172 vos
1442 5117 1510 5172 de
1527 5119 1838 5190 captivitate
1860 5122 2080 5178 eductos

481 5217 547 5273 ad
579 5215 841 5288 templum
871 5211 1207 5286 patriamque
1255 5212 1484 5284 reduxit,
1514 5225 1662 5288 patet
1689 5217 1814 5289 quia
1856 5221 2082 5292 prophe-

482 5322 654 5370 tarum
697 5312 874 5369 minas
925 5309 1237 5390 complevit,
1269 5319 1322 5366 et
1349 5313 1521 5385 culpis
1573 5313 1791 5371 indultis
1839 5317 2082 5374 victimas

485 5422 688 5470 vestras
715 5409 1072 5482 acceptabiles
1119 5408 1327 5465 habuit.
1360 5409 1469 5468 Sed
1505 5427 1628 5469 cum
1659 5421 1846 5486 postea
1875 5414 1930 5470 in
1979 5415 2084 5488 pri-

486 5510 624 5566 stina
650 5508 855 5564 scelera
892 5506 1182 5574 redissetis,
1213 5506 1448 5580 pristinis
1495 5509 1672 5567 denuo
1716 5512 1892 5583 poenis
1937 5515 2081 5569 mul-

491 5607 581 5663 tati
610 5609 754 5676 estis,
799 5614 852 5661 et
898 5611 1097 5676 quanto
1151 5605 1388 5663 secunda
1439 5608 1722 5681 captivitas
1749 5610 1927 5682 major
1952 5629 2084 5687 gra-

491 5704 714 5775 viorque
763 5702 884 5771 fuit,
943 5717 1105 5771 quam
1149 5702 1345 5774 prima,
1406 5711 1552 5761 tanto
1607 5707 1874 5780 mojorem
1903 5709 1958 5766 in
1986 5713 2088 5768 hac

493 5818 656 5874 quam
701 5800 757 5856 in
813 5799 907 5856 illa
958 5799 1059 5856 Dei
1103 5816 1268 5872 super
1321 5817 1420 5860 vos
1445 5804 1612 5880 liquet
1658 5805 2087 5882 indignationem

481 5898 664 5956 fuisse.

2177 619 2336 687 deris,
2371 635 2495 675 cum
2523 621 2769 692 superius
2815 621 3018 678 dixeris
3065 623 3314 678 homines
3349 622 3495 678 illius
3527 622 3812 694 temporis

2176 709 2464 781 religiosos
2489 717 2544 765 et
2575 709 2752 780 justos
2781 710 2963 778 fuisse,
2995 717 3048 767 et
3073 711 3211 784 legis
3246 719 3526 785 prmoepta
3554 709 3812 766 ﬁdeliter

2178 798 2493 866 custodisse,
2526 814 2667 856 nunc
2694 807 2872 855 autem
2893 815 3080 856 eorum
3110 815 3277 873 opera
3304 801 3419 857 Deo
3446 800 3802 873 displicuisse

2179 885 2487 941 conﬁrmas.

2179 902 2487 943 οοῑιηιπιαε.

2250 1034 2489 1091 Persas.
2523 1035 2831 1092 Secundum
2877 1036 3023 1110 quod
3052 1037 3326 1110 legislator
3365 1039 3574 1110 Moyses
3601 1054 3634 1094 a
3666 1039 3794 1095 Deo

2179 1121 2358 1195 legem
2389 1132 2689 1194 acceperat,
2739 1132 2793 1180 et
2819 1125 2897 1182 eis
2921 1135 3294 1198 proposuerat,
3343 1143 3437 1183 eos
3465 1125 3630 1202 digne
3659 1144 3794 1182 ser-

2180 1228 2335 1269 vasse
2365 1229 2474 1268 non
2509 1213 2741 1286 denego.
2789 1214 2897 1270 Sed
2944 1222 3226 1287 postquam
3256 1216 3492 1272 Christus
3537 1216 3788 1284 advenit,

2181 1301 2272 1372 qui
2319 1304 2701 1375 pr0phetarum
2739 1319 2935 1360 arcana
2973 1304 3252 1364 revelavit.
3298 1312 3353 1360 et
3389 1305 3523 1378 legis
3566 1305 3789 1362 sublato

2180 1391 2467 1457 velamine,
2517 1391 2848 1462 spiritualem
2909 1392 2999 1463 qui
3055 1393 3256 1448 latebat
3304 1410 3518 1449 sensum
3568 1394 3792 1465 aperuit

2181 1479 2340 1548 (Luc.
2373 1482 2549 1550 xxu'),
2580 1496 2648 1534 ex
2679 1489 2805 1536 tunc
2824 1496 2932 1536 non
2969 1481 3261 1537 secundum
3281 1481 3506 1538 litteram
3530 1482 3790 1538 occiden-

2183 1575 2310 1635 tem,
2356 1567 2450 1622 sed
2505 1567 2798 1623 secundum
2853 1569 3098 1640 spiritum
3140 1569 3497 1626 viviﬁcantem
3533 1571 3610 1638 (ιι
3633 1571 3775 1628 Cor.

2178 1659 2265 1727 Ui)
2295 1655 2494 1729 legalia
2519 1657 2819 1714 debuerunt
2846 1657 3085 1715 instituta
3121 1673 3358 1726 servare,
3399 1660 3648 1731 quoniam
3684 1661 3786 1732 qui

2182 1745 2360 1816 legem
2393 1745 2634 1815 dederat,
2665 1746 2859 1802 melius
2887 1763 3009 1802 eam
3056 1764 3218 1818 quam
3255 1750 3529 1821 prophetae
3557 1748 3646 1820 qui
3680 1765 3782 1804 au-

2181 1831 2382 1888 ditores
2409 1831 2620 1889 fuerant
2648 1833 3002 1906 intelligebat.
3035 1833 3193 1905 Quod
3223 1835 3350 1907 quia
3387 1835 3560 1892 facere
3591 1837 3782 1910 negle-

2182 1929 2392 1992 xerunt,
2451 1921 2572 1978 ideo
2626 1938 2813 1978 eorum
2869 1923 3116 1995 antiquas
3171 1924 3569 1981 observationes
3629 1925 3781 1980 Deus

2177 2011 2447 2081 suscipere
2501 2011 2695 2078 renuit,
2757 2011 3214 2082 quemadmodum
3272 2021 3326 2068 et
3378 2020 3583 2070 veteres
3639 2013 3778 2069 ritus

2181 2114 2316 2170 quos
2345 2107 2468 2154 ante
2495 2107 2799 2172 susceptam
2830 2117 2928 2172 per
2958 2117 3178 2157 manum
3207 2101 3376 2173 Moysi
3405 2101 3580 2175 legem
3612 2117 3776 2157 exco-

2179 2186 2362 2242 lebant
2393 2189 2542 2258 (Leo.
2573 2190 2754 2259 xviii),
2798 2197 2922 2260 post
2966 2190 3215 2246 eamdem
3252 2198 3548 2262 susceptam
3597 2189 3779 2261 prohi-

2177 2275 2295 2331 buit
2321 2292 2593 2346 exercere,
2650 2277 2784 2333 duas
2812 2278 3062 2334 videlicet
3112 2294 3323 2334 sorores
3371 2278 3528 2334 simul
3578 2277 3774 2334 ducere

2175 2380 2390 2434 uxores,
2422 2365 2510 2420 vel
2537 2366 2758 2422 amitam
2799 2381 3024 2422 uxorem
3069 2367 3333 2438 accipere,
3373 2366 3620 2424 omnibus
3647 2367 3775 2422 ani-

2176 2453 2410 2510 malibus
2436 2455 2581 2511 vesci
2612 2455 2800 2526 (Deut.
2831 2457 2968 2527 xiv).
2997 2456 3125 2513 Haec
3154 2463 3208 2512 et
3223 2455 3419 2512 similia
3445 2464 3563 2512 ante
3592 2455 3770 2529 legem

2177 2550 2418 2616 agentes,
2449 2543 2527 2600 rei
2566 2559 2676 2600 non
2720 2544 3075 2615 habebantur,
3105 2543 3199 2600 sed
3242 2551 3425 2618 postea
3461 2560 3619 2601 nemo
3651 2544 3768 2601 sine

2174 2638 2395 2704 peccato
2418 2631 2594 2689 facere
2623 2632 2814 2705 potuit.

2241 2793 2487 2851 Marses.
2540 2795 2739 2867 Legem
2788 2801 3024 2852 nostram
3062 2803 3223 2867 prout
3265 2796 3474 2868 Moyses
3517 2793 3678 2862 dedit,
3714 2803 3769 2851 et

2171 2890 2350 2947 omnis
2378 2899 2588 2964 patrum
2625 2899 2930 2950 nostrorum
2957 2892 3234 2966 generatio
3264 2892 3548 2963 antiquitus
3575 2891 3760 2958 coluit,

2169 2997 2221 3044 et
2247 2989 2323 3044 sic
2352 2990 2514 3046 etiam
2544 3006 2575 3046 a
2604 2989 2762 3047 nobis
2805 3007 2902 3063 per
2945 2991 3129 3048 omnia
3156 2990 3470 3050 sanandam
3499 2997 3552 3047 et
3596 2989 3762 3047 credo

2167 3095 2218 3144 et
2246 3103 2460 3144 censeo.

2085 3249 2133 3315 ί]
2236 3240 2479 3297 Pnrnus.
2531 3239 2588 3297 Si
2642 3248 2850 3299 veteres
2877 3240 3015 3314 legis
3069 3240 3472 3298 observationes
3522 3238 3755 3298 Domino

2170 3329 2530 3401 acceptabiles
2586 3329 2830 3397 fuissent,
2863 3330 2994 3385 dum
3045 3346 3138 3386 eas
3179 3345 3342 3402 opere
3395 3329 3755 3400 compleretis,

2165 3434 2508 3489 nequaquam
2538 3433 2636 3475 vos
2662 3419 2728 3474 de
2761 3419 2964 3491 templo
2993 3426 3046 3475 et
3068 3419 3242 3490 patria
3267 3419 3540 3488 ejecisset.
3571 3417 3678 3474 Sed
3707 3426 3763 3474 ut

2164 3507 2269 3562 tuis
2323 3508 2663 3579 acquiescam
2717 3507 3075 3574 sermonibus,
3135 3514 3225 3564 tuo
3256 3515 3306 3564 te
3332 3505 3760 3581 redarguendum

2165 3613 2282 3652 esse
2302 3597 2582 3654 ostendam
2604 3596 2835 3667 judicio,
2865 3613 2988 3653 cum
3007 3597 3147 3652 sicut
3163 3596 3296 3666 dixi,
3319 3597 3453 3654 nihil
3469 3595 3572 3652 nisi
3588 3611 3762 3668 pauca

2165 3685 2236 3742 de
2263 3685 2402 3758 legis
2455 3685 2751 3742 observetis
2805 3685 3106 3758 prmoeptis,
3137 3693 3190 3740 et
3215 3701 3317 3743 nec
3342 3685 3462 3758 ipsa
3495 3693 3650 3757 prout
3673 3685 3760 3741 lex

2165 3775 2411 3847 pracipit
2464 3791 2533 3830 ex
2561 3783 2671 3831 toto
2725 3775 3053 3842 custodiatis,
3107 3774 3542 3846 quandoquidem
3580 3789 3678 3830 nec
3703 3774 3760 3828 in

2169 3863 2440 3933 Sabbatis,
2473 3879 2573 3920 nec
2616 3863 2674 3918 in
2718 3863 3164 3930 solemnitatibus,
3195 3869 3286 3919 aut
3306 3862 3526 3934 jejuniis
3578 3862 3762 3921 vestris

2168 3959 2261 4009 aut
2297 3952 2545 4009 victimas
2598 3959 2692 4008 aut
2743 3953 2851 4008 alia
2895 3968 3017 4024 quae
3071 3951 3371 4008 necessaria
3399 3959 3520 4008 sunt
3549 3959 3602 4006 et
3627 3967 3761 4022 prat-

2169 4048 2327 4114 cepta
2352 4040 2614 4098 habeatis.
2673 4041 2958 4098 Orationes
3012 4040 3174 4097 etiam
3203 4057 3336 4112 quas
3387 4041 3506 4097 loco
3554 4039 3757 4096 sacriﬁ-

2168 4129 2377 4186 ciorum
2405 4129 2641 4186 Domino
2670 4129 2912 4198 funditis,
2941 4145 3050 4186 non
3079 4136 3138 4184 ut
3164 4128 3516 4184 exaustiantur
3552 4128 3620 4183 ad
3645 4129 3759 4199 ejus

2171 4234 2326 4274 aures
2354 4217 2674 4274 ascendunt.
2711 4219 2825 4274 Nec
2870 4221 2975 4274 hoc
3018 4218 3412 4274 malevolentiae
3439 4233 3572 4274 mea:
3613 4225 3759 4288 potes

2171 4315 2263 4364 aut
2300 4307 2467 4363 audes
2521 4308 2808 4373 ascribere,
2875 4323 3000 4363 cum
3055 4307 3272 4379 ipsimet
3323 4307 3483 4363 vestri
3525 4306 3761 4362 doctores

2174 4404 2430 4453 testentur
2459 4397 2634 4452 Deum
2664 4396 2735 4452 ab
2775 4396 2867 4453 illo
2916 4403 3159 4468 tempore
3207 4411 3394 4466 preces
3432 4403 3631 4451 vestras
3655 4411 3758 4450 non

2176 4484 2492 4555 suscepisse,
2525 4500 2630 4555 quo
2663 4483 2922 4556 templum
2951 4482 3276 4540 destructum
3305 4489 3402 4540 est.
3425 4481 3579 4552 Quod
3605 4482 3758 4538 etiam

2184 4569 2470 4625 Hieremiae
2533 4570 2811 4639 propheta:
2865 4565 3082 4624 ﬁrmant
3149 4567 3460 4624 auctoritate
3513 4566 3756 4623 dicentis:

2179 4657 2318 4714 Cum
2327 4658 2648 4714 clamavero
2657 4661 2713 4714 et
2723 4656 3576 4728 rogavero,cxclusitorationem
3588 4671 3760 4712 meum

2179 4747 2408 4820 (Thren.
2442 4747 2546 4814 ni).
2580 4747 2646 4802 Et
2677 4747 2870 4801 iterum
2903 4764 2916 4801 :
2956 4744 3278 4819 Opposuisti
3321 4745 3524 4801 nubem
3551 4745 3666 4810 tibi,
3691 4759 3758 4800 ne

2182 4840 2442 4893 transeat
2462 4837 2645 4894 oratio
2675 4835 2903 4904 (Thren.
2923 4843 3027 4893 ιιι).
3055 4835 3120 4890 Et
3139 4834 3332 4890 Isaias:
3349 4835 3419 4890 Et
3433 4850 3562 4890 cum
3574 4835 3761 4889 caten-

2182 4925 2386 4982 deritis
2406 4940 2612 4980 manus
2634 4927 2865 4988 vestras,
2893 4926 3154 4978 avertam
3181 4922 3367 4979 oculos
3385 4936 3534 4979 meos
3550 4937 3585 4976 a
3601 4919 3756 4984 vobis,

2184 5019 2243 5072 et
2263 5031 2394 5070 cum
2427 5012 2954 5085 multiplicaveritis
2974 5012 3309 5075 orationem,
3339 5025 3452 5066 uon
3472 5009 3761 5066 exaudiam

2187 5103 2319 5175 (Isa.
2353 5103 2412 5172 i).
2444 5103 2709 5157 Praeterea
2735 5115 2926 5156 omnes
2953 5117 3050 5156 vos
3075 5099 3368 5156 secundum
3397 5098 3560 5170 Moysi
3589 5097 3752 5169 legem

2189 5192 2452 5248 immundi
2483 5190 2629 5246 estis.
2672 5189 2864 5245 Nullus
2891 5189 3036 5244 enim
3082 5189 3137 5244 in
3187 5189 3344 5244 vobis
3372 5196 3468 5256 est,
3508 5187 3597 5257 qui
3623 5202 3760 5242 mor-

2193 5291 2402 5339 tuorum
2433 5286 2632 5336 attactu
2660 5279 2896 5349 pollutus
2949 5291 3058 5334 non
3110 5277 3179 5332 sit
3225 5278 3412 5346 (Num.
3465 5277 3598 5339 xu).
3639 5273 3760 5343 Quae

2191 5371 2393 5427 scilicet
2420 5369 2650 5434 macula,
2683 5367 2784 5422 nisi
2809 5367 3188 5440 conspersiono
3218 5365 3412 5422 cineris
3439 5380 3614 5420 vacca
3640 5363 3760 5419 rufae

2193 5477 2301 5518 non
2329 5459 2538 5516 deletur
2563 5454 2716 5526 (Leo.
2745 5457 2863 5526 xv),
2894 5472 3056 5527 quam
3078 5473 3200 5512 cum
3230 5456 3299 5510 ad
3327 5470 3556 5527 prmscns
3581 5453 3760 5508 habere

2193 5566 2302 5606 non
2332 5547 2563 5621 possitis,
2595 5546 2666 5602 ab
2721 5544 3062 5600 immunditia
3107 5543 3320 5599 liberari
3373 5541 3617 5614 nequitis.
3650 5542 3760 5595 Mu-

2194 5639 2351 5696 lieres
2375 5636 2540 5694 etiam
2568 5641 2760 5692 vestrae
2807 5649 2996 5690 omnes
3023 5633 3171 5688 tluxu
3215 5632 3433 5702 pollutae
3475 5629 3757 5692 creduntur,

2195 5744 2317 5785 cum
2373 5723 2584 5798 pristini
2630 5723 2806 5779 desint
2859 5721 3182 5790 sacerdotes,
3213 5737 3438 5792 quorum
3495 5726 3606 5774 erat
3653 5717 3762 5772 reli-

2195 5825 2341 5875 ctum
2373 5814 2582 5888 judicio
2629 5811 2770 5868 inter
2813 5819 3142 5869 menstruam
3196 5819 3249 5868 et
3292 5808 3566 5883 sanguinis
3605 5807 3762 5864 ﬂuxus

2197 5905 2456 5980 pollutam
2511 5902 2834 5972 discernere,
2892 5909 2947 5961 et
2971 5900 3067 5960 ﬁlii
3095 5901 3162 5959 de
3212 5899 3526 5975 pollutione.
3579 5895 3761 5956 Omnes
