3966 6398
146 444 280 501 59³7
1681 438 1766 494 DL

1876 437 1972 494 )GI
1985 479 1998 493 .
3389 435 3493 492 598

145 584 406 642 quoque
436 565 548 626 cibi
579 566 742 624 vestri
803 565 943 640 legis
969 563 1176 636 judicio
1205 562 1396 637 polluti
1449 562 1778 636 probantur.
1820 564 1872 626 Α
1903 564 2081 619 minus
2114 561 2379 635 implevit,
2431 570 2624 636 postea
2673 562 2926 621 emendet
2976 561 3197 638 quando
3253 560 3490 620 licuerit.

147 659 317 714 Cum
376 658 564 731 igitur,
598 672 632 712 o
661 658 898 728 Moyses,
963 663 1075 712 tota
1102 671 1241 728 gens
1298 660 1481 710 vestra
1527 653 1790 724 probetur
1904 653 2087 709 Semel
2125 661 2306 709 autem
2334 669 2434 724 per
2462 652 2711 726 singulos
2741 668 2915 710 annos
2941 662 3166 728 propter
3190 651 3365 710 solam
3395 667 3490 708 re-

150 747 413 818 polluta,
443 745 704 801 mulieres
733 760 926 800 omnes
972 743 1210 815 pollutae,
1245 749 1297 799 et
1323 742 1448 798 ideo
1477 757 1670 797 omnes
1699 739 1792 796 ﬁlii
1903 742 2271 814 cognitionem
2302 742 2692 814 praecipiuntur
2720 758 2910 800 omnes
2939 743 3023 799 ire
3035 742 3105 799 ad
3118 743 3216 798 Dei
3239 743 3490 807 domum,

153 836 237 891 de
275 835 594 906 pollutione
623 833 733 889 sint
768 833 905 899 nati,
936 832 1155 903 cibique
1201 830 1369 887 vestri
1423 829 1664 886 universi
1691 827 1792 883 im-
1903 848 2024 904 quae
2056 839 2137 887 est
2167 832 2220 886 in
2253 832 2441 887 Mecha
2471 831 2788 900 videndam,
2820 839 2875 887 et
2902 830 2976 886 ibi
3007 831 3238 888 adorare
3259 845 3493 903 eamque

151 923 400 989 mundi.
433 931 487 978 ει
541 937 734 978 eorum
791 923 1064 977 οτθῑίοηθε
1111 933 1458 991 nequaquam
1517 919 1585 972 ad
1631 933 1793 972 ευτθδ
1901 931 2315 988 inconsutilibus
2343 929 2671 1004 tegumentis
2701 929 2871 985 induti
2903 929 3148 997 circuire,
3198 937 3250 985 et
3279 927 3493 1000 lapides

154 1011 522 1084 perveniant
553 1010 672 1076 Dei,
726 1025 830 1066 nec
858 1025 1025 1082 opera
1053 1008 1307 1080 placeant
1338 1007 1415 1062 ei.
1481 1005 1766 1076 Quomodo

1899 1029 2060 1093 prout
2089 1020 2172 1076 lex
2198 1020 2460 1092 praecipit,
2495 1035 2595 1091 per
2622 1019 2809 1075 media
2828 1018 3038 1076 scilicet
3066 1017 3269 1075 femora
3309 1017 3491 1087 jacere

159 1116 402 1173 quaaso,
435 1099 598 1154 ullam
631 1108 862 1171 possunt
911 1098 1257 1154 securitatem
1285 1096 1509 1162 habere,
1533 1095 1676 1168 quod
1707 1110 1766 1150 ve

1897 1125 2046 1173 retro
2068 1132 2169 1188 pro
2198 1116 2493 1188 lapidando
2551 1113 2788 1171 diabolo.
2844 1115 2993 1171 Hanc
3037 1122 3214 1170 autem
3267 1113 3488 1170 domum

161 1189 468 1244 ιηαιοῐυω
501 1186 662 1276 ﬁnem
713 1187 820 1242 δίκη
844 1185 1119 1276 γδδδίίξπίν
1153 1185 1245 1241 "el
1282 1184 1425 1276 αριξά
1453 1185 1626 1276 θθξιῖη
1683 1183 1793 1238 δῖοί
1896 1183 2085 1262 dicunt
2138 1183 2310 1262 Adam
2343 1219 2466 1261 cum
2501 1204 2571 1260 de
2601 1203 2859 1276 paradiso
2889 1203 3214 1273 exsulasset,
3253 1202 3486 1258 Domino

159 1277 350 1333 ullius
381 1275 546 1348 pretii
564 1277 735 1347 ?Ipsa
765 1275 856 1348 qui
885 1291 973 1331 me
1003 1274 1072 1330 de
1103 1289 1292 1330 eorum
1322 1272 1580 1328 liberavit
1607 1287 1789 1328 errore

151 1366 398 1420 debitas
426 1380 532 1436 ago
562 1365 790 1437 gratias,
839 1371 893 1421 et
923 1371 981 1420 ut
1002 1371 1055 1420 te
1108 1363 1270 1419 etiam
1303 1360 1502 1418 liberet
1556 1360 1786 1416 devotus

151 1469 366 1511 exoro.
401 1456 602 1508 Amen.

771 1605 1062 1663 TITULUS
1105 1606 1173 1660 V.

153 1705 239 1761 De
271 1705 732 1761 Sarracenorum
753 1704 868 1774 tege
885 1702 1255 1766 destruenda,
1281 1706 1336 1758 et
1354 1703 1778 1758 sententiarum

512 1808 746 1848 suarum
765 1792 1028 1848 stultitia
1046 1793 1420 1863 con/ulanda.

236 1917 492 1973 Morsss.
553 1918 826 1972 Hactenus
882 1915 1120 1972 Judaicaa
1176 1916 1357 1989 gentis
1423 1915 1559 1972 ﬁdes
1607 1931 1771 1989 quam
1801 1925 1852 1985 Β

168 2005 361 2060 inanis
411 2013 466 2061 et
520 2004 840 2061 inconstans
896 2004 951 2059 in
980 2004 1233 2060 omnibus
1261 2012 1429 2072 esset,
1473 2020 1774 2077 eorumque

167 2093 512 2165 obsequium
543 2109 709 2165 quam
748 2093 1122 2148 irrationabile
1151 2094 1270 2148 Deo
1299 2101 1459 2166 atque
1505 2093 1774 2164 ingratum

170 2182 463 2248 existeret,
491 2181 585 2238 vel
611 2197 711 2239 cur
739 2182 807 2237 ab
828 2182 1072 2251 ejusdem
1104 2181 1212 2237 ﬁde
1241 2181 1560 2249 recesseris,
1580 2190 1634 2238 et
1662 2181 1776 2238 evi-

177 2271 528 2326 dentissimis
559 2271 777 2327 edidisti
808 2270 1166 2343 probastique
1223 2271 1543 2336 rationibus,
1573 2280 1625 2327 et
1644 2270 1776 2326 mihi

164 2361 222 2414 in
251 2367 460 2430 quanto
489 2359 887 2432 permanserim
930 2359 1204 2415 hactenus
1248 2359 1532 2415 montrasti
1563 2376 1770 2417 errore.

168 2457 285 2511 Sed
337 2472 464 2513 cum
521 2465 816 2529 paternam
870 2457 1163 2530 reliqueris
1219 2457 1404 2527 ﬁdem,
1457 2457 1628 2515 miror
1677 2473 1776 2515 cur

175 2547 619 2603 Christianorum
677 2555 730 2602 et
767 2561 876 2602 non
937 2547 1118 2618 potius
1167 2547 1593 2604 Sarracenorum
1649 2562 1774 2604 cum

174 2635 382 2707 quibus
413 2650 634 2707 semper
663 2643 1023 2691 conversatus
1051 2642 1211 2706 atque
1243 2635 1474 2690 nutritus
1528 2651 1590 2691 es
1618 2635 1774 2692 dele-

171 2725 327 2796 geris
377 2722 566 2779 fidem.
625 2723 788 2778 Libet
841 2723 986 2777 enim
1036 2723 1187 2787 mihi,
1221 2724 1679 2796 quemadmodum
1719 2723 1775 2779 in

173 2811 447 2868 Hebraica
471 2811 544 2866 ita
574 2820 624 2867 et
653 2812 758 2868 hac
787 2819 935 2867 secta
963 2827 1303 2884 quaecunque
1350 2822 1542 2884 potero
1567 2813 1773 2869 inferre

176 2899 495 2967 obstacula,
555 2908 613 2954 ut
667 2901 810 2957 sicut
839 2900 910 2956 de
942 2909 1145 2967 nostra,
1180 2901 1259 2957 sic
1289 2901 1428 2957 etde
1459 2903 1560 2958 hac
1605 2902 1772 2957 ratio-

175 3005 302 3046 nem
334 2989 669 3060 praetendas,
703 3005 807 3061 qua
866 2989 1072 3045 destrui
1103 2988 1300 3046 valeat.
1347 2992 1578 3061 Semper
1625 2989 1772 3047 enim

175 3093 236 3140 ut
263 3084 373 3139 dixi
405 3099 528 3140 cum
561 3085 642 3140 eis
697 3092 1058 3140 conversatus
1088 3091 1141 3140 et
1170 3085 1434 3140 enutritus
1487 3102 1568 3153 es,
1601 3086 1773 3142 libros

175 3172 384 3245 legisti,
417 3171 657 3244 linguam
717 3172 998 3246 intelligis,
1033 3181 1091 3228 ut
1146 3173 1295 3229 enim
1324 3173 1378 3228 in
1437 3190 1526 3230 me
1583 3190 1773 3230 eorum

183 3277 470 3333 personam
503 3261 821 3333 suscipiam,
868 3262 1010 3318 hanc
1043 3262 1227 3334 utique
1282 3279 1398 3334 prm
1435 3263 1647 3319 caeteris
1676 3263 1772 3320 de-
1802 3279 1850 3340 ο

181 3350 394 3406 buisses
416 3351 640 3423 eligere,
674 3367 834 3422 quam
878 3359 1091 3406 constat
1120 3351 1345 3424 reliquis
1400 3353 1773 3409 honestiorem

181 3449 236 3495 et
256 3439 579 3496 habiliorem
610 3439 877 3495 existere.
911 3440 1018 3494 Lex
1050 3449 1128 3495 est
1159 3440 1202 3494 si
1232 3441 1448 3512 quidem
1478 3439 1653 3514 larga,
1703 3441 1774 3498 de

180 3535 460 3608 praesentis
491 3535 612 3592 vita:
670 3535 879 3592 deliciis
908 3537 1077 3592 multa
1107 3553 1333 3592 servans
1387 3538 1658 3605 mandata,
1717 3537 1774 3594 in

182 3640 288 3698 quo
315 3625 625 3680 ostenditur
656 3624 840 3680 divina
872 3624 1014 3682 circa
1035 3641 1131 3682 eos
1161 3625 1328 3682 fuisse
1353 3625 1574 3682 dilectio
1604 3627 1772 3683 maxi-

185 3738 292 3790 ma,
325 3721 632 3795 pariterque
667 3722 781 3777 suis
838 3722 1143 3779 cultoribus
1189 3723 1392 3797 gaudia
1447 3725 1774 3796 repromittit

185 3809 500 3867 ineﬁ‘abilia.
541 3811 713 3881 Cujus
733 3810 986 3867 videlicet
1015 3810 1156 3886 legis
1186 3812 1429 3868 radicem
1460 3814 1506 3868 si
1530 3830 1767 3886 quaeras,

185 3907 420 3964 invenies
477 3925 643 3979 super
697 3907 1035 3964 inconvulsa:
1085 3908 1496 3965 fundamentum
1542 3911 1770 3968 rationis

188 3996 477 4053 fundatam.
512 3997 683 4068 Cujus
725 3999 799 4052 rei
829 3998 1081 4054 videlicet
1110 4000 1256 4071 quod
1287 4001 1432 4056 Deus
1459 4016 1554 4057 eos
1581 4000 1771 4057 dilexit

189 4092 240 4140 et
268 4086 441 4142 multis
469 4086 757 4158 praeceptis
793 4103 890 4142 eos
919 4088 1132 4144 onerari
1161 4089 1350 4154 noluit,
1375 4089 1472 4144 sed
1501 4091 1766 4162 pepercit,

187 4181 392 4253 signum
423 4187 507 4238 est
529 4183 672 4256 quod
696 4184 986 4256 quinquies
1025 4193 1231 4240 tantum
1263 4186 1318 4240 in
1341 4185 1433 4242 die
1457 4203 1620 4242 orare
1669 4203 1768 4244 eos

186 4280 446 4352 praecpit,
481 4281 614 4352 quin
659 4281 824 4336 etiam
855 4298 1071 4354 semper
1125 4293 1419 4356 antequam
1475 4294 1652 4352 orent,
1711 4294 1768 4341 ut

185 4375 467 4448 perfectam
522 4378 840 4434 munditiem
898 4379 1151 4447 habeant,
1211 4381 1416 4450 culum,
1462 4389 1761 4450 veretrum,

187 4481 386 4533 manus,
433 4466 675 4532 brachia,
704 4466 918 4534 faciem,
978 4483 1062 4536 os,
1095 4485 1274 4536 nares,
1327 4487 1506 4537 aures,
1551 4471 1760 4539 oculos,

187 4561 416 4632 capillos,
450 4562 856 4632 decentissime,
887 4573 940 4621 et
969 4567 1038 4621 ad
1060 4566 1309 4623 ultimum
1339 4569 1509 4641 pedes
1540 4569 1748 4625 lavant.

189 4660 293 4714 Hoc
319 4657 470 4726 facto,
504 4660 723 4731 publica
764 4677 903 4718 voce
943 4673 1347 4734 pris-conantur,
1378 4683 1545 4721 unum
1576 4667 1756 4723 conﬁ-

189 4754 346 4802 tentes
375 4748 565 4816 Deum,
591 4748 685 4820 qui
744 4749 952 4806 nullum
1000 4753 1086 4807 vel
1143 4753 1374 4809 similem
1423 4757 1617 4812 habeat
1673 4755 1758 4812 vel

189 4841 450 4914 aequalem,
494 4845 726 4916 ejusque
787 4846 1094 4903 Mahometh
1143 4865 1266 4906 esse
1294 4853 1638 4923 prOphetam.
1696 4855 1759 4908 In

191 4946 318 4985 anno
345 4947 557 5002 quoque
588 4931 860 5003 integrum
890 4938 1414 5009 mensemjejunant.
1445 4940 1757 5008 Jejunantes

189 5026 347 5075 autem
373 5027 641 5075 nocturno
665 5024 1442 5096 comedunttempore,diurno
1459 5029 1752 5098 abstinent,

191 5108 257 5162 ita
282 5115 330 5162 ut
355 5109 421 5163 ab
451 5124 513 5164 ea
543 5109 650 5164 diei
678 5111 812 5166 hora
831 5127 938 5183 qua
953 5113 1171 5186 nigrum
1184 5116 1254 5170 ab
1274 5117 1402 5172 albo
1419 5117 1753 5188 distinguere

191 5213 278 5268 per
303 5196 462 5252 visum
494 5205 747 5268 poterunt
786 5198 954 5267 ﬁlum,
989 5219 1164 5275 usque
1195 5206 1262 5260 ad
1294 5205 1426 5262 solis
1472 5221 1752 5273 occasum,

196 5308 330 5350 nemo
354 5295 661 5362 comedere,
697 5297 907 5364 bibere,
958 5307 1046 5354 aut
1077 5302 1256 5356 uxoris
1284 5305 1662 5360 commistione
1692 5322 1752 5360 se

194 5391 454 5454 praesumat
477 5383 838 5442 fmdareJ’ost
855 5387 988 5443 solis
1005 5396 1190 5444 autem
1203 5393 1663 5461 occasum,donec
1680 5395 1750 5450 ad

197 5480 438 5552 sequentis
461 5481 569 5538 diei
599 5485 1010 5554 crepusculum,
1033 5503 1253 5560 semper
1281 5490 1360 5544 eis
1383 5491 1505 5546 cibo
1527 5499 1577 5546 et
1596 5498 1746 5562 potu,

195 5569 502 5641 propriisque
533 5572 798 5627 uxoribus
825 5582 984 5645 prout
1011 5576 1214 5648 cuique
1247 5577 1568 5648 libet,liceat
1591 5580 1748 5634 uti.Si

198 5667 347 5714 tamen
363 5656 772 5716 autinﬁrmitate
785 5661 945 5717 fuerit
964 5675 1338 5736 prazgravatus
1350 5676 1439 5722 aut
1453 5667 1506 5722 in
1518 5668 1607 5723 via
1622 5668 1744 5738 erit,

199 5748 398 5820 quandiu
423 5756 514 5803 aut
535 5749 814 5821 languoris
845 5761 936 5807 aut
966 5753 1175 5810 itineris
1215 5755 1488 5812 duraverit
1510 5767 1744 5830 tempus,

198 5838 240 5894 ei
265 5837 650 5912 quibuscunque
705 5839 936 5897 voluerit
965 5851 1018 5900 et
1049 5845 1199 5902 vesci
1229 5845 1388 5903 simul
1435 5847 1616 5915 etuti,
1667 5849 1746 5904 sic

200 5937 349 5985 tamen
371 5928 599 6000 utquod
639 5927 726 5986 vel
745 5931 1087 6004 aegritudinis
1130 5935 1216 5993 vel
1257 5936 1360 5994 vim
1413 5937 1742 5997 necessitate

1895 1304 2248 1370 exstruxisse,
2281 1311 2334 1358 et
2363 1303 2616 1359 omnibus
2645 1302 2768 1358 filiis
2785 1302 2902 1372 ejus
2935 1302 3109 1358 donec
3127 1300 3193 1356 ad
3210 1300 3482 1356 Abraham

1894 1402 2117 1457 advenit
2147 1402 2322 1457 locum
2371 1400 2627 1458 orationis
2666 1399 2859 1456 fuisse.
2899 1399 3181 1456 Abraham
3210 1405 3390 1454 autem
3423 1397 3485 1453 ﬁ-

1892 1490 2031 1546 delis
2064 1489 2163 1546 Dei
2195 1507 2406 1558 servus,
2440 1507 2560 1546 eam
2590 1489 2880 1556 roboravit,
2927 1496 2980 1545 et
3007 1487 3324 1544 instauravit
3345 1496 3394 1543 et
3424 1488 3479 1543 in

1890 1595 1953 1635 ea
1985 1579 2216 1636 Domino
2245 1587 2372 1635 vota
2409 1579 2575 1645 vovit,
2601 1587 2653 1634 et
2692 1576 2955 1635 sacriﬁcia
2983 1576 3195 1644 obtulit,
3255 1575 3478 1648 filioque

1888 1684 1986 1724 suo
2008 1669 2226 1725 nomine
2257 1667 2472 1724 lsmaeli
2527 1675 2651 1740 post
2677 1675 2905 1724 mortem
2934 1665 3173 1741 reliquit,
3233 1665 3392 1738 eique
3422 1671 3478 1720 et

1885 1757 2138 1813 omnibus
2169 1755 2296 1812 ﬁliis
2352 1757 2472 1830 ejus
2519 1773 2619 1829 per
2636 1757 2804 1812 multa
2855 1771 3123 1812 annorum
3179 1753 3467 1820 curricula,

1884 1855 2060 1911 donec
2090 1854 2398 1910 Mahometh
2431 1861 2589 1910 natus
2619 1861 2721 1921 est,
2766 1853 2954 1910 orandi
2983 1853 3180 1909 domus
3208 1867 3468 1924 perman-

1883 1943 1952 1999 sit
1985 1959 2130 2014 ;quo
2160 1951 2305 2010 nato,
2332 1943 2580 1998 eamdem
2635 1943 2783 2000 Deus
2837 1941 2960 2011 sibi,
2999 1940 3318 2013 cunctisque
3349 1940 3471 1996 suis

1881 2031 2348 2104 generationibus,
2433 2031 2837 2089 haereditariam
2893 2038 2952 2086 ut
3003 2030 3108 2102 ipsi
3162 2029 3466 2102 perhibent,

1881 2128 2520 2200 promisit.Advcrsarios
2575 2135 2837 2200 prmterea
2891 2127 2992 2184 Dei
3020 2135 3073 2183 et
3116 2143 3308 2184 eorum
3362 2145 3464 2201 pro

1883 2229 2061 2297 phetae
2112 2225 2366 2298 praedari,
2410 2227 2708 2298 captivare,
2747 2227 3074 2294 interﬁcere,
3117 2235 3171 2283 et
3214 2227 3466 2283 omnibus

1883 2324 2060 2380 modis
2091 2323 2347 2396 persequi
2367 2333 2529 2396 atque
2555 2324 2741 2380 delere
2763 2324 3148 2394 jubentur,nisi
3165 2325 3464 2398 resipisce-

1883 2429 1942 2468 re
1965 2421 2018 2468 et
2037 2413 2106 2468 ad
2135 2429 2322 2468 eorum
2355 2413 2517 2469 fidem
2547 2413 2793 2470 converti
2848 2413 3140 2482 voluerint,
3168 2422 3258 2470 aut
3288 2415 3464 2471 servi-

1882 2502 2010 2556 tutis
2030 2502 2292 2558 indictum
2321 2517 2547 2558 censum
2578 2503 2958 2574 persolverint.
3007 2503 3272 2558 Absoluta
3300 2503 3465 2559 etiam

1882 2590 1961 2646 eis
1990 2598 2074 2646 est
2097 2593 2274 2646 omnis
2301 2607 2447 2657 caro,
2481 2600 2679 2663 prater
2707 2591 2862 2664 porci
2907 2607 3133 2650 carnem
3161 2600 3215 2649 et
3244 2591 3468 2666 sangui-

1881 2702 2006 2741 nem
2028 2703 2128 2742 nec
2159 2702 2264 2743 non
2298 2687 2642 2745 morticinum
2675 2689 2743 2744 ad
2782 2689 3140 2746 vescendum.
3179 2690 3468 2762 Respuunt

1881 2777 2062 2846 etiam,
2096 2776 2358 2849 quidquid
2415 2777 2469 2832 in
2496 2777 2722 2848 alicujus
2751 2779 2831 2835 rei
2858 2779 2964 2834 nisi
3015 2778 3116 2835 Dei
3146 2778 3308 2836 fuerit
3363 2795 3466 2835 no-

1882 2874 2026 2930 mine
2047 2883 2452 2931 consecratum.
2491 2875 2636 2932 Licet
2661 2884 2862 2946 praeter
2889 2876 2992 2933 hoc
3018 2875 3098 2932 eis
3127 2877 3319 2933 eodem
3333 2885 3469 2933 tem-

1881 2979 2014 3034 pore
2039 2971 2271 3034 quatuor
2318 2963 2593 3035 legitimas
2623 2965 2824 3021 habere
2881 2979 3103 3035 uxores,
3127 2973 3181 3022 et
3232 2965 3471 3038 qualibet

1881 3051 2163 3123 repudiata
2191 3051 2356 3107 aliam
2377 3068 2597 3124 semper
2624 3052 2899 3124 accipere,
2932 3054 3003 3108 ita
3019 3061 3223 3122 tamen,
3255 3063 3314 3110 ut
3332 3071 3471 3111 nun-

1881 3156 2040 3212 quam
2071 3140 2478 3212 quaternarium
2534 3146 2773 3198 transeat
2803 3157 3111 3199 numerum.
3151 3145 3210 3198 In
3241 3144 3470 3215 repudio

1881 3245 2099 3302 quoque
2129 3229 2234 3284 hoc
2264 3229 2609 3295 observatur,
2660 3239 2717 3286 ut
2737 3247 2910 3304 usque
2941 3231 3097 3288 tertio
3149 3231 3202 3288 ei
3233 3233 3468 3304 quamli-

1882 3325 1974 3381 bet
2001 3325 2291 3397 repudiare
2320 3333 2374 3383 et
2430 3327 2676 3384 eamdem
2724 3345 2917 3384 rursus
2973 3329 3224 3400 recipere
3270 3329 3461 3386 liccat.

1882 3415 2172 3481 Emptitias
2200 3430 2333 3471 vero
2361 3422 2523 3488 atque
2568 3415 2809 3488 captivas
2837 3425 3188 3490 quotcunque
3240 3418 3470 3475 voluerit

1884 3503 2088 3559 habere
2119 3504 2323 3560 licitum
2345 3504 2467 3572 erit,
2499 3504 2595 3562 sed
2626 3514 2678 3561 et
2694 3506 2915 3561 easdem
2946 3507 3225 3563 vendendi
3253 3507 3469 3564 denuo-

1884 3609 1989 3665 que
2012 3593 2232 3650 emendi
2260 3593 2490 3649 liberam
2520 3601 2845 3666 potestatem
2876 3595 3117 3664 habebit,
3151 3596 3227 3653 sic
3259 3605 3465 3666 tamen,

1881 3699 1956 3757 ut,
1985 3699 2272 3764 postquam
2303 3690 2472 3747 semel
2504 3692 2785 3765 gravidam
2818 3692 3386 3767 fecerit,nequaquam
3407 3711 3468 3750 se

1879 3779 2100 3836 alterius
2129 3780 2403 3835 servitutis
2428 3781 2565 3853 jugo
2595 3781 2900 3855 astringere
2953 3782 3151 3854 possit.
3189 3781 3468 3840 Concedi-

1879 3877 1968 3923 tur
1993 3868 2219 3940 insuper
2246 3869 2325 3924 eis
2356 3869 2424 3925 de
2453 3870 3018 3944 propriacognatione
3047 3872 3249 3929 habere
3267 3888 3465 3929 uxores

1878 3975 1934 4022 ut
1963 3967 2242 4039 sanguinis
2273 3967 2458 4039 proles
2506 3976 2812 4035 accrescat,
2845 3977 2896 4025 et
2953 3967 3145 4025 fortius
3173 3969 3311 4026 inter
3367 3987 3464 4026 eos

1875 4056 2130 4112 amicitia:
2160 4057 2434 4112 vinculum
2469 4057 2673 4130 vigeat.
2713 4059 2793 4113 De
2826 4058 3274 4129 possessionibus
3299 4075 3464 4131 repe-

1875 4145 2058 4200 tendis
2079 4145 2283 4215 judicia
2309 4145 2432 4200 talia
2453 4154 2578 4200 sunt
2605 4147 2750 4218 apud
2780 4161 2901 4215 eos,
2933 4147 3118 4220 qualia
3166 4164 3290 4204 esse
3319 4149 3466 4220 apud

1876 4243 2135 4298 Hebraeos
2165 4242 2282 4314 ipse
2304 4244 2507 4315 Optime
2528 4245 2694 4310 nosti,
2726 4252 2784 4299 ut
2804 4244 3003 4316 petitor
3025 4245 3254 4302 testibus
3303 4262 3462 4304 com-

1873 4332 2090 4403 probet,
2119 4340 2169 4386 et
2200 4338 2433 4403 negator
2457 4333 2770 4405 juramento
2801 4341 2972 4389 semet
2987 4335 3463 4406 expurget.Testes

1874 4428 2053 4475 autem
2083 4420 2262 4476 nullos
2319 4421 2423 4475 nisi
2465 4421 2622 4477 valde
2651 4422 2878 4478 idoneos
2907 4423 3280 4496 probatasque
3337 4441 3462 4497 per-

1873 4524 2044 4564 sonas
2072 4509 2374 4580 suscipiunt
2403 4518 2455 4565 et
2483 4510 2679 4582 quibus
2727 4510 2846 4567 sine
2865 4510 3176 4583 juramento
3231 4513 3464 4570 credere

1785 4640 1838 4700 D
1871 4605 2105 4678 possint.
2165 4609 2227 4661 In
2286 4607 2612 4678 quibusdam
2653 4608 2815 4664 etiam
2862 4607 2985 4664 aliis
3016 4609 3264 4666 Mosaicm
3317 4610 3460 4684 legis

1867 4725 2072 4764 morem
2097 4709 2493 4776 custodiunt,ut
2521 4710 2612 4784 qui
2633 4710 2870 4766 hominis
2883 4712 3207 4785 sanguinem
3226 4711 3448 4780 fuderit,

1866 4798 2056 4854 eadem
2089 4813 2250 4868 poena
2269 4798 2541 4870 plectatur
2567 4801 2726 4870 (Gen.
2761 4803 2929 4869 Ix),et
2957 4800 3202 4873 quisquis
3223 4801 3277 4856 in
3295 4801 3451 4858 adul-

1867 4886 2000 4942 terio
2019 4886 2394 4956 deprehensus
2441 4887 2624 4955 fuerit,
2649 4904 2774 4945 cum
2830 4889 3080 4946 adultera
3108 4889 3313 4961 pariter
3365 4891 3452 4946 la-

1863 4975 2078 5046 pidetur
2107 4976 2261 5043 (Leu.
2315 4979 2436 5048 xx).
2492 4975 2594 5046 Qui
2633 4985 2816 5033 autem
2869 4993 2995 5034 cum
3053 4978 3296 5051 qualibet
3342 4979 3446 5035 alia

1862 5072 2157 5130 fornicatus
2195 5073 2373 5144 fuerit,
2430 5090 2578 5129 Lxxx
2631 5076 2860 5147 ﬂagellis
2914 5076 3244 5146 subjacebit.
3303 5078 3452 5134 Furti

1862 5171 1986 5226 talis
2015 5171 2216 5228 indicta
2258 5179 2344 5226 est
2369 5187 2552 5244 poena,
2603 5181 2662 5229 ut
2699 5173 2869 5246 prima
2923 5181 2978 5230 et
3032 5175 3274 5231 secunda
3329 5177 3448 5233 vice

1861 5269 2136 5342 octoginta
2163 5269 2380 5341 flagella
2435 5270 2717 5338 sustineat,
2761 5271 2920 5328 tertia
2951 5288 3196 5342 manum,
3258 5283 3450 5346 quarta

1861 5359 2056 5428 pedem
2109 5359 2344 5424 amittat,
2406 5367 2462 5416 et
2500 5360 2594 5433 qui
2629 5361 2855 5417 cuilibet
2892 5362 3098 5418 homini
3141 5365 3447 5423 membrum

1858 5455 2156 5523 abstulerit,
2187 5456 2355 5529 digno
2375 5457 2550 5529 pretio
2581 5458 2837 5516 redimet.
2870 5459 3000 5518 Haec
3030 5460 3284 5519 universa
3311 5480 3452 5537 prae-

1858 5562 2016 5625 cepta
2047 5553 2252 5610 idcirco
2310 5563 2436 5610 sunt
2487 5571 2519 5610 a
2577 5557 2691 5612 Deo
2729 5559 3026 5630 proposita,
3077 5576 3148 5616 ne
3201 5560 3247 5616 si
3281 5562 3449 5620 nimis

1857 5641 2009 5717 larga
2039 5643 2294 5716 quaelibet
2350 5643 2584 5700 faciendi
2613 5655 2759 5702 esset
2786 5647 3024 5716 licentia,
3048 5649 3213 5706 totius
3265 5655 3449 5724 gentis

1859 5740 2012 5797 ﬁeret
2042 5746 2150 5798 cito
2171 5741 2348 5796 ruina.
2382 5745 2426 5797 A
2458 5743 2585 5799 vino
2615 5760 2840 5818 semper
2857 5747 3135 5804 abstinere
3165 5748 3445 5819 iubentur,

1857 5840 2110 5912 quoniam
2142 5838 2318 5896 fomes
2358 5848 2442 5897 est
2470 5849 2526 5898 et
2575 5843 2923 5902 seminarium
2974 5847 3154 5903 omnis
3196 5850 3438 5922 peccati.

1855 5937 1982 5995 Haec
2003 5941 2132 5994 sunt
2151 5935 2422 6010 praecipua
2449 5936 2588 6010 legis
2625 5938 2897 6010 mandata,
2931 5941 3186 6014 quoniam
3213 5942 3443 6014 longum
