3966 6418
508 417 612 472 599

1438 414 1638 472 PETRI
1678 415 2026 472 ALPHONSI
2066 416 2166 472 EX
2200 417 2439 474 1ΗοΕο
2481 416 2884 475 CHRISTIANI

3774 415 3879 469 600

513 545 661 597 esset
688 538 893 598 morari
939 538 997 596 in
1025 537 1276 614 singulis.
1312 540 1571 596 Promisit
1599 539 1784 612 itaque
1822 540 1973 595 Deus
2020 539 2123 598 sibi
2151 540 2208 603 A
2236 556 2366 598 suos
2395 541 2608 599 timeret
2638 543 2991 610 contribules,
3014 544 3144 620 quia
3171 560 3292 603 eum
3318 559 3420 616 pro
3449 558 3601 617 rege
3633 555 3763 597 non
3780 547 3874 597 te-

514 636 567 685 et
621 628 935 685 Mahometh
991 643 1091 685 suo
1136 627 1284 684 fideli
1315 628 1558 699 prohetae
1610 628 1983 695 credentibus,
2042 628 2121 684 le-

518 716 718 791 gisque
750 718 873 788 ejus
902 717 1151 797 mandata
1198 717 1622 789 complentibus,
1672 717 2008 789 paradisum,
2065 718 2120 775 id

520 822 624 881 est,
657 816 874 871 hortum
896 813 1237 883 deliciarum,
1262 814 1759 887 planet-ﬂuentibus
1803 814 1963 885 aquis
1991 814 2121 870 irri-

517 919 706 978 guum,
735 903 792 958 in
822 919 928 975 quo
959 903 1122 959 sedes
1186 904 1466 959 habebunt
1495 911 1810 975 perpetuas.
1870 905 2126 975 Protegat

522 1006 620 1048 eos
647 992 913 1049 arborum
947 993 1162 1059 umbra,
1207 1007 1314 1049 nec
1343 991 1553 1065 frigore
1573 993 1903 1065 aﬁligentur,
1940 1008 2123 1065 neque

521 1079 725 1136 calore.
755 1079 1012 1136 Omnium
1057 1079 1351 1146 fructuum,
1410 1080 1659 1136 omnium
1715 1079 1964 1136 ciborum
2021 1096 2126 1136 ve-

524 1184 750 1234 scantur
780 1178 1101 1251 generibus.
1134 1176 1413 1251 Quidquid
1464 1178 1735 1250 appetitus
1764 1177 1962 1250 cuique
1992 1194 2127 1252 sug-

526 1274 704 1340 geret,
737 1280 925 1323 coram
959 1282 1019 1322 se
1052 1266 1343 1324 confestim
1372 1266 1631 1323 inveniet.
1665 1266 1864 1323 Sericis
1889 1266 2125 1323 induen-

521 1363 612 1411 tur
638 1353 885 1412 vestibus
912 1354 1363 1411 omnicoloribus.
1402 1354 1755 1411 Accubabunt
1810 1355 1865 1410 in
1893 1355 2125 1420 deliciis,

528 1452 583 1502 et
613 1443 795 1517 angeli
824 1444 1210 1516 pincernarum
1242 1443 1545 1500 ministerio
1573 1444 1711 1499 inter
1756 1460 1852 1500 eos
1868 1459 1990 1501 cum
2019 1460 2127 1499 va-

529 1540 610 1597 sis
638 1538 820 1597 aureis
853 1548 906 1596 et
936 1540 1214 1613 argenteis
1243 1539 1695 1609 deambulabunt,
1726 1540 1780 1597 in
1811 1541 1993 1598 aureis
2020 1540 2126 1607 lac,

528 1630 580 1687 in
595 1628 873 1704 argenteis
891 1628 1073 1685 vinum
1093 1628 1403 1701 offerentes,
1435 1637 1490 1686 et
1516 1630 1790 1687 dicentes:
1849 1630 2132 1688 Comedite

532 1727 587 1776 et
616 1718 783 1775 bibite
812 1718 868 1774 in
890 1718 1037 1775 omni
1066 1718 1270 1787 laetitia,
1293 1726 1347 1774 et
1375 1718 1520 1791 quod
1551 1719 1706 1775 vobis
1734 1720 1887 1775 Deus
1926 1720 2129 1792 promi-

530 1807 599 1863 sit
627 1823 758 1865 ecce
788 1807 1116 1880 completum
1148 1815 1251 1863 est.
1293 1808 1601 1881 Iungentur
1622 1807 1942 1880 virginibus,
1990 1825 2130 1881 quas

2230 639 2447 699 nerent,
2476 646 2601 689 cum
2659 632 2761 688 sibi
2792 640 2847 689 et
2901 633 3144 706 aequales
3172 634 3401 691 fuissent
3448 640 3505 688 et
3564 632 3867 699 majores.

2235 718 2387 776 Viam
2408 727 2587 776 tamen
2608 721 2926 795 excogitans
2946 738 3056 794 qua
3085 738 3183 783 rex
3211 722 3353 781 eﬂici
3382 722 3685 792 potuisset,
3757 734 3871 774 vo-

2230 806 2331 863 luit
2370 824 2432 863 se
2478 810 2804 880 prophetam
2859 810 3198 885 conﬁngere,
3254 827 3322 867 ea
3354 810 3620 868 videlicet
3666 807 3869 863 fretus

2231 896 2430 953 facetia
2458 897 2805 970 eloquentiae,
2851 916 3022 972 quam
3075 900 3220 972 apud
3273 900 3517 957 diversas
3555 897 3864 963 nationes,

2233 985 2361 1041 dum
2391 987 2748 1057 negotiationi
2793 987 3106 1057 desudaret,
3138 989 3341 1062 ingenii
3386 994 3736 1059 susceperat
3767 985 3863 1041 le-

2233 1083 2420 1150 vitate,
2444 1086 2621 1141 ethoc
2641 1085 2804 1141 etiam
2846 1086 2994 1157 quod
3024 1094 3151 1143 tunc
3192 1087 3454 1158 temporis
3483 1086 3656 1155 major
3710 1099 3861 1156 pars

2235 1172 2434 1229 milites
2482 1183 2640 1230 erant
2692 1183 2856 1247 atque
2910 1175 3189 1249 agricola,
3212 1184 3268 1232 et
3321 1177 3421 1248 ipsi
3463 1177 3582 1232 fere
3636 1189 3860 1231 omnes

2235 1269 2557 1339 idololatria,
2588 1279 2791 1343 praeter
2820 1272 3087 1344 quosdam
3116 1273 3208 1345 qui
3228 1273 3400 1343 Moysi
3427 1273 3613 1345 legem
3631 1286 3858 1327 secuno

2236 1359 2363 1415 dum
2386 1359 2761 1416 Samaritanos
2780 1362 3038 1419 tenebant
3091 1363 3346 1420 haeretica
3400 1370 3454 1417 et
3480 1361 3622 1417 alios
3664 1359 3851 1415 Chri-

2238 1449 2444 1505 stianos
2474 1450 2569 1521 qui
2597 1450 2905 1506 Nestoriani
2937 1459 3096 1507 erant
3140 1460 3193 1507 et
3242 1451 3517 1508 Jacobitae.
3560 1448 3849 1506 Jacobitae

2237 1545 2420 1593 autem
2452 1546 2576 1593 sunt
2601 1538 3145 1611 haeretici,aquodam
3177 1540 3377 1596 Jacobo
3415 1539 3559 1608 dicti,
3583 1538 3845 1595 circum-

2236 1636 2503 1694 cisionem
2534 1637 2918 1708 praedicantes,
2951 1638 3334 1712 Christumque
3359 1654 3467 1693 non
3506 1638 3710 1702 Deum,
3740 1636 3847 1693 sed

2238 1726 2511 1782 hominem
2548 1733 2755 1782 tantum
2782 1728 2988 1796 justum
3020 1727 3089 1784 de
3124 1727 3328 1799 Spiritu
3384 1734 3573 1783 sancto
3632 1741 3849 1782 conce-

2237 1823 2411 1887 ptum,
2440 1831 2504 1871 ac
2532 1815 2601 1871 de
2629 1815 2845 1889 virgine
2873 1825 3079 1885 natum,
3128 1832 3237 1873 non
3284 1814 3589 1872 cruciﬁxum
3646 1822 3845 1870 tamen

526 1912 633 1955 nec
659 1897 961 1984 humanus,
1004 1912 1112 1953 nec
1141 1895 1511 1952 daemoniacus
1548 1896 1767 1953 violavit
1819 1906 2123 1967 contactus,
2155 1898 2209 1959 B
2240 1928 2417 1984 neque
2448 1920 2721 1968 mortuum
2745 1913 3051 1970 credentes.
3106 1913 3233 1970 Fuit
3261 1914 3428 1970 etiam
3457 1928 3523 1969 eo
3556 1919 3837 1982 tempore,

526 1983 810 2059 hyacinthi
823 1983 1120 2058 coraliique
1138 1985 1431 2058 splendore
1444 1985 1612 2041 forma
1650 1986 2092 2058 praetentioribus
2106 2028 2119 2041 .

531 2086 660 2141 Haec
688 2083 835 2140 bona
876 2083 1147 2139 dabuntur
1203 2083 1570 2151 credentibus,
1622 2099 1731 2139 non
1780 2083 2131 2140 credentibus

447 2240 456 2248 ι
524 2189 659 2231 vero
679 2174 796 2230 Deo
826 2180 879 2228 et
918 2172 1200 2245 prepbetae
1230 2172 1348 2243 ejus
1380 2173 1744 2241 Mahometho,
1803 2173 1907 2228 erit
1959 2173 2131 2229 infer-

527 2262 666 2320 nalis
694 2277 858 2334 paena
887 2261 1005 2316 sine
1025 2259 1151 2317 ﬁne.
1184 2260 1633 2335 Quantiscunque
1679 2270 1861 2318 autem
1890 2261 2133 2334 peccatis

530 2352 762 2424 quisque
790 2349 1065 2422 obligatus
1097 2348 1255 2406 fuerit
1284 2357 1338 2405 et
1373 2349 1429 2404 in
1457 2350 1548 2406 die
1576 2350 1766 2406 mortis
1794 2367 1907 2406 sum
1935 2351 2050 2407 Deo
2080 2357 2133 2407 et

526 2448 882 2504 Mahometlio
912 2447 1228 2516 crediderit,
1260 2446 1317 2503 in
1343 2447 1433 2503 die
1459 2447 1649 2517 judicii
1672 2449 2015 2504 Mahometho
2041 2448 2130 2503 in-

527 2536 869 2592 terveniente
901 2535 1093 2592 salvus
1104 2535 1226 2591 erit.
1242 2536 1371 2592 Haac
1387 2545 1440 2591 et
1455 2536 1566 2592 alia
1575 2537 2132 2610 quamplurima,qu33

527 2640 851 2682 enumerare
880 2624 1106 2698 longum
1136 2634 1239 2691 est,
1277 2641 1398 2681 cum
1428 2632 1484 2680 tu
1529 2625 1882 2681 nihilominus
1902 2641 1934 2681 a
1962 2641 2133 2698 puero

526 2722 751 2777 noveris
810 2719 1032 2791 scripta,
1095 2728 1147 2776 et
1175 2721 1247 2776 ab
1297 2721 1447 2776 omni
1495 2720 1922 2777 Sarracenorum
1966 2731 2132 2795 gente

529 2809 775 2866 maxima
803 2809 1173 2867 celebratione
1202 2809 1409 2877 habita,
1441 2825 1537 2866 cur
1558 2809 1737 2881 potius
1768 2811 2131 2868 Christianam

528 2922 692 2980 quam
722 2906 1136 2964 Musulmilicam
1167 2914 1405 2964 sectatus
1428 2923 1488 2963 es
1514 2906 1857 2981 religionem,
1916 2917 1970 2964 et
1997 2925 2133 2981 prte-

531 2995 703 3052 sentis
733 2995 858 3052 vitae
886 2994 1083 3052 melius
1122 3004 1176 3052 et
1203 2994 1397 3052 futurae
1425 2995 1636 3068 pariter
1690 2994 1943 3053 felicitate
1990 2997 2131 3053 frui-

525 3092 675 3141 turus
694 3086 723 3138 ‘l

592 3210 840 3268 Paraus.
876 3209 1143 3279 Quamvis
1159 3209 1423 3267 orationis
1477 3218 1586 3268 tum
1618 3219 1922 3280 contextus,
1955 3212 2128 3284 pluri-

522 3315 673 3355 mum
701 3299 921 3357 decoris
950 3307 1004 3356 et
1032 3299 1338 3357 dulcedinis
1367 3300 1598 3368 habens,
1622 3300 1768 3372 apud
1795 3317 1891 3356 eos
1905 3302 1996 3374 qui
2025 3302 2130 3357 de-

523 3388 677 3446 licias
698 3388 949 3461 corporis
979 3404 1251 3444 summum
1304 3389 1505 3445 bonum
1532 3397 1750 3460 putant,
1782 3404 1890 3444 non
1947 3392 2132 3446 mino-

523 3493 643 3533 rem
700 3493 864 3550 quam
908 3477 956 3533 si
1013 3477 1132 3549 ipse
1179 3478 1494 3534 Mahometh
1524 3479 1762 3547 adesset,
1789 3488 2007 3551 captare
2038 3480 2130 3537 bc-

523 3566 883 3625 nevolentiam
906 3566 1104 3635 valeat,
1137 3566 1207 3623 de
1238 3582 1323 3623 me
1346 3575 1528 3623 tamen
1544 3567 1601 3623 id
1621 3583 1844 3639 sperare
1864 3576 1915 3624 te
1931 3569 2129 3626 mirum

523 3672 624 3733 est,
656 3673 714 3720 ut
744 3665 813 3721 ad
840 3666 947 3722 hoc
993 3664 1436 3738 persuadendum
1469 3663 1751 3730 institeris,
1802 3664 1857 3719 in
1881 3680 1989 3739 quo
2043 3682 2129 3722 me

521 3754 836 3811 nullatenus
868 3753 985 3810 falli
1043 3769 1209 3825 posse
1239 3753 1566 3810 credideris.
1627 3754 1823 3810 Certus
1877 3754 2021 3810 enim
2070 3772 2131 3811 es

523 3843 656 3899 mihi
692 3859 802 3901 non
830 3844 1234 3916 incompertum
1266 3858 1392 3899 esse
1431 3843 1553 3916 quis
1599 3844 1911 3900 Mahometh
1940 3845 2127 3912 fuerit,

525 3933 801 4007 quomodo
831 3932 1023 3991 callida
1051 3932 1399 3989 simulatione
1422 3932 1741 4004 prophetam
1772 3949 1832 3989 se
1855 3934 2131 3990 conﬁnxe-

523 4022 614 4093 rit,
677 4030 734 4080 et
777 4022 847 4078 ad
891 4024 998 4079 hoc
1032 4021 1461 4078 machinandum
1491 4021 1611 4094 quis
1638 4022 1758 4093 ejus
1793 4023 2131 4079 consiliarius

525 4111 811 4168 exstiterit.
844 4112 1043 4179 Unum,
1084 4126 1232 4178 reor,
1291 4110 1388 4166 tibi
1417 4110 1679 4167 incertum
1708 4119 1911 4179 manet,
1953 4111 2131 4183 ipsam

527 4200 860 4257 Mahomethi
890 4216 1056 4273 quam
1110 4199 1300 4257 dicunt
1327 4200 1633 4256 doctrinam
1691 4215 1856 4272 quam
1912 4202 2129 4257 inanem

521 4288 787 4361 judicem.
812 4290 952 4344 Dum
972 4290 1142 4362 igitur
1170 4288 1334 4344 vitam
1365 4304 1657 4361 moresque
1687 4289 1812 4360 ejus
1840 4305 1965 4346 mea
1993 4307 2128 4345 nar-

528 4386 743 4442 ratione
766 4385 981 4456 digesta
1010 4384 1272 4453 audieris,
1306 4392 1439 4441 tunc
1493 4400 1582 4440 me
1612 4386 1756 4441 scire
1795 4386 1864 4442 de
1885 4401 1950 4442 eo
1981 4389 2129 4459 quod

524 4491 727 4532 verum
758 4482 842 4531 est
868 4481 969 4530 aut
1014 4474 1249 4542 nescire,
1283 4474 1440 4531 facile
1485 4473 1854 4532 internoscere
1887 4477 2121 4548 poteris.

595 4594 831 4648 Mersus.
862 4590 1003 4647 Illud
1034 4590 1308 4649 inhianter
1334 4598 1593 4664 exspecto
1617 4591 1808 4648 audire
1840 4591 1941 4648 abs
1972 4598 2049 4670 te.

595 4724 843 4779 Pramus.
875 4723 1186 4779 Mahometh
1217 4722 1383 4794 igitur
1409 4729 1638 4794 utroque
1672 4729 1900 4794 parente
1956 4722 2128 4779 orba-

526 4819 634 4880 tus,
666 4813 771 4870 sub
794 4811 1049 4869 avunculi
1099 4810 1186 4868 sui
1224 4810 1464 4881 Panepbi
1516 4810 1845 4881 patrocinio,
1876 4810 2126 4883 pueritiae

527 4918 704 4959 annos
730 4902 947 4974 agebat,
979 4899 1251 4957 idolorum
1287 4907 1419 4957 tunc
1472 4899 1739 4971 temporis
1790 4898 1961 4957 cultui
2007 4916 2131 4956 cum

529 5000 789 5057 universa
807 5006 975 5071 gente
1020 4998 1256 5055 Arabum
1277 4996 1607 5064 inserviens,
1666 4997 2129 5068 quemadmodum

525 5089 645 5162 ipse
670 5089 728 5146 in
772 5091 1041 5146 Alcorano
1095 5103 1198 5144 suo
1253 5090 1503 5156 testatur,
1563 5085 1753 5143 dicens
1803 5087 1978 5142 Deum
2024 5085 2130 5142 sibi

529 5188 773 5245 dixisse:
805 5186 1105 5259 Orphanus
1157 5184 1330 5255 fuisti,
1373 5194 1426 5241 et
1447 5193 1498 5241 te
1536 5184 1776 5256 suscepi,
1831 5183 1889 5238 in
1918 5198 2131 5248 errore,

532 5300 586 5347 et
611 5299 663 5349 te
684 5290 881 5360 direxi,
913 5305 1145 5362 pauper,
1177 5296 1233 5345 et
1260 5288 1608 5360 locupletari.
1634 5289 1759 5343 Post
1799 5285 2134 5358 aliquantum

535 5396 663 5437 vero
689 5395 961 5438 annorum
988 5378 1243 5449 spatium,
1277 5375 1650 5434 mercenarius
1678 5376 1823 5447 apud
1852 5374 2135 5432 nobilissi-

535 5484 688 5525 mam
718 5469 1016 5541 quamdam
1069 5468 1293 5525 viduam
1322 5467 1548 5524 nomine
1576 5465 1924 5539 Chadigiam,
1983 5464 2139 5520 brevi

534 5555 608 5613 ita
627 5557 863 5616 dominae
891 5573 1006 5615 suae
1033 5556 1276 5614 animum
1325 5554 1578 5625 obtinuit,
1639 5564 1697 5611 ut
1719 5557 1845 5624 jure
1898 5553 2138 5625 coniugii

534 5651 700 5708 rebus
724 5652 981 5709 omnibus
1011 5662 1065 5709 et
1093 5670 1279 5710 rerum
1325 5651 1527 5724 pariter
1579 5650 1936 5708 dominatrice
1991 5650 2137 5721 poti-

535 5747 706 5795 retur.
738 5740 903 5812 Cujus
930 5741 1127 5812 opibus
1153 5741 1223 5797 de
1267 5739 1621 5812 pauperrimo
1650 5738 1947 5794 ditissimus
2009 5736 2139 5793 cﬂ‘e-

538 5834 677 5896 ctus,
707 5826 763 5881 in
790 5836 997 5884 tantum
1053 5829 1304 5900 prorupit
1356 5829 1555 5885 mentis
1599 5827 1935 5900 superbiam,
1986 5827 2137 5901 quod

543 5935 773 5995 regnum
802 5924 1053 5980 Arabum
1093 5924 1197 5981 sibi
1225 5924 1562 5998 sperandum
1615 5923 1987 5996 polliceretur,
2029 5923 2136 5982 nisi

2159 3259 2208 3325 C

2156 4620 2208 4681 D

2238 2001 2297 2057 in
2323 2001 2550 2074 regione
2579 2002 2908 2071 Antiochiae,
2941 2002 3358 2060 archidiaconus
3385 2000 3602 2074 quidam
3622 2000 3840 2056 amicus

2240 2101 2570 2166 Mahometh,
2602 2110 2656 2157 et
2678 2100 2769 2157 hic
2796 2101 3065 2169 Jacobita,
3115 2102 3261 2158 unde
3291 2101 3360 2157 ad
3404 2099 3692 2157 concilium
3732 2115 3837 2155 vo-

2239 2197 2394 2246 catus
2420 2198 2524 2255 est,
2555 2198 2611 2246 et
2630 2190 2944 2246 damnatus.
2992 2190 3163 2260 Cujus
3219 2189 3573 2246 damnationis
3620 2188 3836 2258 pudore

2239 2279 2611 2345 contristatus,
2646 2279 2715 2335 de
2745 2280 2975 2352 regione
3019 2278 3250 2351 aufugit,
3280 2287 3334 2335 et
3382 2279 3451 2334 ad
3500 2277 3833 2342 Mahometh,

2238 2376 2483 2433 devenit.
2522 2376 2698 2447 Hujus
2726 2376 2891 2449 igitur
2943 2375 3100 2432 nixus
3128 2384 3211 2433 est
3237 2374 3465 2433 consilio
3518 2374 3832 2431 Mahometh

2242 2474 2387 2546 quod
2408 2474 2686 2547 cogitabat
2714 2482 2768 2530 et
2795 2488 2897 2547 per
2926 2490 2985 2530 se
3017 2481 3200 2530 tamen
3244 2473 3542 2545 adimplere
3572 2488 3685 2527 non
3724 2487 3830 2543 po-

2240 2570 2399 2631 terat,
2443 2564 2514 2618 ad
2573 2562 2828 2619 effectum
2876 2562 3147 2635 perduxit.
3199 2562 3437 2618 Fuerunt
3469 2576 3684 2633 quoque
3711 2559 3829 2615 duo

2237 2651 2410 2708 Judaei
2439 2668 2506 2708 ex
2536 2651 2682 2707 illius
2713 2652 2932 2709 Arabiae
2960 2667 3099 2724 quos
3128 2650 3363 2707 diximus
3399 2649 3688 2716 haereticis,
3717 2648 3828 2703 Αὺο

2236 2747 2358 2804 dias
2389 2745 2875 2803 etCahbalahabar
2899 2745 3050 2814 dicti,
3109 2753 3165 2803 et
3191 2746 3246 2803 hi
3277 2746 3492 2819 quidem
3544 2746 3827 2801 Mahome-

2238 2837 2332 2893 tho
2378 2853 2439 2892 se
2493 2836 2878 2902 adhibuerunt,
2930 2844 2983 2891 et
3011 2836 3079 2890 ad
3109 2834 3487 2907 complendam
3539 2833 3824 2890 stultitiam

2238 2926 2357 2995 ejus
2388 2925 2647 2981 auxilium
2705 2925 3076 2992 praebuerunt.
3108 2924 3179 2980 Et
3199 2925 3254 2980 hi
3283 2933 3390 2980 tres
3420 2924 3593 2998 legem
3642 2923 3826 2979 Maho-

2237 3013 2405 3071 melhi
2433 3014 2665 3087 quisque
2693 3014 2993 3070 secundum
3038 3013 3290 3071 haeresim
3333 3028 3484 3069 suam
3522 3020 3826 3083 contempe-

2236 3111 2521 3171 raverunt,
2560 3109 2612 3159 et
2640 3102 2770 3159 talia
2800 3118 2924 3158 eum
2954 3119 3018 3159 ex
3048 3110 3199 3173 parte
3229 3103 3328 3159 Dei
3357 3102 3539 3158 dicere
3564 3108 3824 3157 monstra-

2237 3200 2456 3256 verunt,
2491 3208 2614 3264 quae
2642 3200 2695 3247 et
2726 3190 2960 3248 heretici
2974 3191 3145 3247 Judaei
3174 3198 3227 3247 et
3257 3189 3486 3246 haeretici
3538 3188 3823 3246 Christiani

2240 3281 2500 3355 quierant
2520 3282 2576 3335 in
2605 3280 2805 3336 Arabia
2834 3295 2967 3337 vera
2996 3296 3119 3337 esse
3156 3280 3520 3345 crediderunt,
3578 3277 3667 3351 qui
3693 3292 3824 3334 vero

2240 3379 2435 3443 sponte
2464 3369 2694 3426 credere
2723 3370 3017 3425 noluerunt
3062 3369 3116 3424 vi
3137 3376 3315 3425 tamen
3363 3375 3417 3424 et
3433 3366 3596 3441 gladii
3627 3369 3821 3422 timore

2239 3465 2619 3523 crediderunt.
2658 3466 2725 3520 Et
2764 3464 2883 3535 ejus
2913 3463 3136 3537 quidem
3173 3478 3277 3520 nec
3297 3462 3461 3519 aliam
3489 3463 3820 3536 prophetiam

2241 3570 2343 3611 nec
2364 3553 2631 3610 miracula
2670 3553 2783 3609 ulla
2831 3552 3041 3609 scimus
3093 3552 3231 3609 sicut
3258 3552 3327 3608 de
3382 3552 3590 3631 Moyse,
3641 3552 3819 3620 Iosue,

2239 3642 2515 3710 Samuele,
2566 3642 2719 3700 Helia
2756 3642 3034 3714 etElyseo
3089 3640 3414 3708 audivimus,
3468 3656 3605 3714 quos
3656 3640 3819 3696 multa

2238 3730 2437 3789 fecisse
2462 3730 2726 3788 miracula
2753 3730 3017 3805 legimus.

2312 3839 2567 3894 Movsss.
2601 3837 2895 3910 Plerosque
2924 3836 3312 3908 praphetarum
3367 3835 3654 3903 credimus,
3684 3850 3819 3907 quo-

2239 3954 2361 3994 rum
2381 3937 2532 3992 nulla
2559 3936 2832 3994 miracula
2855 3936 3112 4009 legimus,
3142 3943 3202 3990 ut
3231 3933 3573 3999 Hieremiam,
3597 3933 3814 3990 Abdiam

2238 4031 2427 4092 Amos,
2451 4026 2616 4094 Osee,
2652 4034 2704 4081 et
2724 4025 2890 4080 alios.

2313 4131 2551 4185 Parnus.
2575 4130 2636 4184 In
2664 4126 2776 4183 illis
2805 4127 2930 4183 ideo
2959 4125 3257 4198 quaerenda
3284 4124 3541 4181 miracula
3553 4141 3659 4179 non
3677 4131 3810 4192 sunt,

2240 4219 2516 4291 quomodo
2544 4233 2724 4289 neque
2754 4216 3051 4272 novitatem
3107 4214 3351 4286 aliquam
3398 4213 3536 4285 legis
3588 4212 3811 4268 induxe-

2232 4324 2385 4383 runt,
2435 4331 2614 4387 neque
2661 4313 2912 4371 Mosaicae
2963 4311 3231 4369 doctrina:
3297 4311 3565 4367 ullatenus
3607 4318 3811 4367 contra-

2237 4406 2505 4473 dixerunt,
2563 4412 2620 4460 et
2674 4419 2796 4475 quae
2832 4401 3205 4475 pradixerunt
3242 4417 3311 4456 ex
3359 4407 3511 4473 parte
3561 4398 3807 4471 completa

2238 4494 2643 4566 cognoscimus.

2310 4610 2562 4665 Movsss.
2598 4608 2718 4664 Noe
2775 4615 2828 4664 et
2858 4607 3134 4664 Abraham
3166 4604 3493 4661 Patriarchae
3520 4619 3651 4660 nova
3688 4602 3805 4659 divi-

2238 4699 2381 4755 nitus
2401 4698 2620 4755 dedisse
2648 4697 2905 4752 mandata
2933 4695 3159 4751 dubium
3205 4710 3314 4751 non
3345 4701 3445 4759 est,
3478 4692 3610 4749 sicut
3658 4692 3807 4748 sacri-

2240 4797 2507 4863 ficiorum,
2569 4794 3026 4852 comedendarum
3066 4792 3328 4858 carnium,
3379 4788 3799 4855 circumcisionis,

2240 4895 2295 4942 et
2326 4886 2559 4942 aliorum
2590 4884 2817 4940 rituum.
2858 4885 3110 4954 Curergo
3125 4882 3205 4938 eis
3220 4882 3429 4954 absque
3451 4879 3799 4935 miraculorum

2242 4975 2363 5032 luce
2390 4974 2529 5030 ﬁdes
2545 4972 2779 5029 exhibita
2801 4989 2831 5027 a
2860 4972 3097 5044 posteris
3119 4978 3202 5026 est
3230 4972 3258 5023 εἲ

2316 5092 2564 5147 Paraus.
2600 5088 2729 5145 Ideo
2778 5088 2859 5144 eis
2891 5088 3159 5144 veraciter
3185 5086 3441 5151 creditur,
3492 5084 3726 5156 quoniam
3760 5082 3800 5137 is

2244 5180 2325 5237 eis
2347 5181 2615 5253 propheta
2647 5186 2954 5243 attestatur,
3003 5176 3075 5231 de
3104 5175 3263 5246 cujus
3316 5173 3620 5230 testimonio
3659 5188 3689 5228 a
3716 5188 3799 5229 ne-

2245 5280 2389 5336 mine
2409 5279 2709 5343 dubitatur,
2744 5279 2961 5349 Moyses
2989 5274 3265 5330 videlicet.
3308 5272 3668 5326 Mahomethus
3714 5270 3799 5344 igi-

2245 5377 2335 5424 tur
2375 5368 2607 5441 qualiter
2662 5367 2802 5421 inler
2848 5366 3146 5436 prophetas
3193 5359 3537 5432 recipiendus
3600 5358 3675 5425 sit,
3724 5360 3797 5431 qui

2245 5457 2381 5515 nulli
2402 5459 2793 5529 prophetarum
2823 5454 3004 5527 aliqua
3039 5451 3414 5525 probabilitate
3451 5448 3795 5520 comparabilis

2246 5555 2330 5603 est
2359 5551 2385 5599 τ

2316 5655 2570 5710 Mersus.
2602 5650 2788 5722 Quare
2808 5648 2958 5706 nulla
2989 5647 3370 5721 probabilitate
3415 5645 3795 5703 demonstratum

2244 5746 2570 5815 prophetam
2598 5739 2994 5812 dixeris,quem
3044 5737 3176 5793 satis
3205 5735 3486 5793 miraculis
3526 5735 3794 5791 denotatum

2245 5833 2556 5906 frequenter
2576 5828 2818 5886 audieris
2832 5828 3067 5885 ?Nonne
3103 5828 3418 5899 prophetam
3448 5839 3571 5881 eum
3620 5823 3795 5878 brutum

2246 5921 2447 5977 animal
2505 5922 2605 5976 bos
2651 5917 2905 5976 videlicet
2934 5915 3202 5989 Doregele
3255 5911 3793 5988 nuncupavit?Nonne
