3966 6412
216 436 337 493 601

1708 437 2028 498 DIALOGI.

3437 442 3541 500 602

217 578 338 634 per
362 568 647 633 utramque
675 561 943 619 manicam
971 562 1215 637 ingressa
1268 563 1395 619 luna
1438 562 1506 618 de
1562 562 1682 619 sinu
1736 579 1829 620 re-
1856 569 1917 633 Α
2013 566 2249 622 Μογεεε.
2270 568 2398 623 Haec
2418 585 2514 640 pro
2537 585 2680 627 certo
2700 570 2855 640 ratio,
2896 588 3059 643 quam
3113 586 3204 642 qui
3262 567 3544 641 perspicue

216 660 542 734 dintegrata
570 658 939 734 progrediens,
989 664 1307 734 pmphetam
1367 677 1491 717 eum
1547 659 1833 717 miriﬁcum

217 757 601 829 designavit?
628 758 883 829 Nunquid
912 758 981 814 ad
1039 761 1142 814 hoc
1196 759 1640 815 innotescendum
1693 759 1835 815 illius

217 870 403 910 manu
432 854 677 913 demulsa
702 856 852 911 omni
880 858 1081 928 populo
1110 855 1420 912 afﬂuentem
1448 856 1691 912 mamilla
1719 857 1836 912 ovis

220 954 488 1007 haustum
519 952 671 1008 lactis
698 952 985 1024 praebuit?
1040 954 1235 1009 Mirum
1292 954 1454 1010 etiam
1514 953 1632 1022 fuit,
1691 953 1835 1024 quod

219 1065 359 1104 cum
379 1048 540 1104 ﬁcum
571 1050 820 1105 arborem
849 1058 909 1105 ut
934 1051 1004 1105 ad
1043 1067 1100 1105 se
1148 1050 1354 1107 veniret
1400 1051 1631 1119 vocavit,
1690 1051 1837 1105 venit

220 1145 457 1216 quidem
488 1147 651 1202 arbor
677 1148 745 1203 ad
774 1164 918 1216 eum,
952 1156 1004 1203 et
1032 1148 1148 1220 ipse
1173 1149 1242 1204 de
1274 1148 1446 1203 fructu
1485 1148 1603 1217 ejus
1648 1162 1833 1203 come-

221 1246 331 1311 dit,
358 1253 413 1302 et
440 1245 719 1301 brachium
747 1245 863 1302 ovis
884 1245 1027 1316 quod
1049 1247 1430 1301 invenenatum
1476 1244 1581 1301 sibi
1619 1251 1733 1300 erat
1779 1245 1835 1300 in

220 1344 459 1400 scutella
487 1344 790 1416 appositum
821 1360 944 1400 cum
973 1358 1038 1399 eo
1069 1344 1304 1399 locutum
1334 1350 1416 1398 est
1446 1350 1498 1398 et
1536 1342 1697 1399 dixit.
1752 1344 1833 1398 Ne

222 1442 515 1511 comedas,
550 1441 676 1513 quia
703 1458 821 1496 sum
852 1441 1258 1498 invenenatum.

305 1586 542 1640 Panos.
604 1584 819 1640 Frivola
873 1591 998 1639 sunt
1054 1600 1175 1655 quae
1231 1583 1587 1656 prosequeris,
1662 1597 1837 1652 neque

222 1674 479 1729 omnium
526 1680 824 1729 vestrorum
876 1672 1085 1743 judicio
1140 1672 1245 1727 ﬁde
1297 1672 1466 1744 digna
1519 1672 1833 1742 probantur,

223 1771 474 1826 maxime
501 1785 625 1826 cum
654 1770 767 1842 ipse
789 1771 1096 1825 Mahometh
1144 1770 1199 1824 in
1246 1770 1508 1825 Alcorano
1557 1784 1653 1823 suo
1702 1766 1837 1822 nihil

222 1860 337 1913 tale
368 1858 567 1924 retulit,
589 1859 684 1914 sed
717 1859 895 1930 potius
924 1857 1186 1929 quidquid
1217 1858 1272 1913 in
1320 1858 1587 1913 Alcorano
1641 1857 1711 1911 de
1767 1871 1831 1909 eo

224 1957 491 2027 scriptum
522 1971 631 2012 non
672 1955 863 2024 fuerat,
926 1956 1149 2011 omnino
1205 1972 1393 2011 verum
1451 1953 1595 2010 credi
1649 1928 1916 2024 prohi-B

226 2045 436 2100 buerit.
476 2045 555 2100 De
613 2044 884 2113 omnibus,
942 2044 1136 2115 inquit,
1195 2044 1349 2098 multi
1404 2044 1572 2099 multa
1624 2042 1833 2097 mentiti

226 2149 376 2207 sunt,
409 2141 553 2211 quod
585 2155 654 2197 ne
683 2140 814 2195 mihi
854 2140 1150 2212 contingat,
1211 2139 1342 2195 illud
1392 2140 1565 2195 solum
1619 2139 1687 2194 de
1744 2156 1830 2192 me

228 2246 422 2285 verum
456 2236 712 2298 teneatur,
764 2229 908 2299 quod
962 2228 1211 2284 Alcoraui
1267 2229 1458 2284 fultum
1518 2228 1833 2284 auctoritate

231 2327 510 2398 probatur.
543 2325 646 2396 Qui
674 2342 770 2382 cur
797 2326 1114 2382 miraculum
1145 2342 1254 2382 non
1300 2326 1501 2382 faceret
1547 2326 1829 2381 ostendere

229 2416 442 2485 volens,
474 2415 780 2484 loquentem
801 2415 871 2470 ad
890 2431 949 2470 se
976 2414 1268 2470 Dominum
1292 2414 1579 2470 introducit
1606 2414 1789 2470 dicens
1814 2433 1824 2469 :

231 2503 388 2559 Dixit
406 2502 674 2558 Dominus
702 2503 769 2557 ad
799 2520 924 2558 me:
958 2504 1087 2559 Ideo
1120 2512 1167 2558 te
1199 2503 1375 2558 facere
1415 2503 1675 2559 miracula
1720 2519 1830 2557 non

231 2592 504 2663 permitto,
529 2591 674 2661 quia,
700 2608 765 2647 ne
791 2591 885 2647 tibi
914 2592 1048 2648 sicut
1084 2591 1204 2647 aliis
1231 2592 1510 2661 prephetis
1556 2592 1611 2646 in
1658 2591 1827 2646 mira-

228 2680 366 2734 culis
428 2679 823 2737 contradicatur
886 2680 1074 2735 timeo.
1152 2680 1260 2736 Suo
1322 2696 1455 2752 ergo
1523 2679 1827 2736 testimonio

230 2769 438 2823 nullum
468 2768 655 2824 fecisse
684 2769 892 2845 virtutis
935 2769 1150 2841 signum
1207 2776 1532 2825 monstratur
1563 2784 1576 2837 ;
1636 2768 1829 2839 quibus

230 2857 351 2912 aliis
369 2857 579 2913 indiciis
597 2873 754 2913 verus
773 2858 1037 2927 propheta
1066 2857 1326 2928 probatur
1344 2858 1372 2911 ?
1412 2857 1619 2913 Indicia
1666 2874 1827 2911 nam-

231 2971 336 3025 que
362 2954 475 3011 veri
503 2957 781 3025 propheta;
808 2963 930 3010 sunt
972 2955 1211 3026 probitas
1254 2955 1397 3025 vitae,
1447 2955 1827 3011 miraculorum

229 3043 512 3112 exhibitio,
544 3043 809 3099 dictorum
840 3044 1083 3099 omnium
1130 3042 1286 3098 ﬁrma
1333 3043 1549 3098 veritas.
1612 3043 1828 3099 Bonitas

231 3133 355 3187 vitae
381 3131 439 3186 in
465 3131 811 3187 Mahometho
839 3132 1095 3187 violentia
1122 3139 1253 3200 erat,
1287 3147 1393 3201 qua
1421 3148 1477 3186 se
1506 3133 1824 3201 prophetam

229 3229 327 3285 Dei
356 3228 637 3300 praedicari
665 3229 717 3282 vi
753 3228 1002 3296 faciebat,
1036 3220 1176 3284 furto
1234 3236 1288 3282 et
1340 3229 1634 3299 rapacitate
1690 3244 1825 3300 gau-

1943 655 2238 728 inspexerit
2264 673 2392 713 vera
2421 659 2655 714 videtur.

2013 780 2250 837 Penus.
2285 781 2441 851 Quod
2475 784 2720 856 superius
2748 802 2834 841 me
2866 786 3032 842 libros
3060 785 3276 859 legisse,
3298 784 3542 856 linguam

1941 869 2099 936 scire,
2132 871 2386 925 nutritum
2442 871 2557 927 fore
2613 889 2828 945 semper
2881 875 3021 929 inter
3073 875 3395 930 Sarracenos
3450 871 3540 927 di-

1943 958 2086 1025 xisti,
2145 975 2256 1014 non
2312 959 2510 1016 idcirco
2565 964 2818 1018 convenit
2872 969 2928 1017 ut
2999 961 3212 1018 illorum
3288 976 3543 1032 assequar

1942 1047 2142 1119 legem.

2012 1164 2248 1219 Movsns.
2290 1162 2559 1233 Quoniam
2616 1166 2902 1221 credebam
2959 1182 3081 1221 eam
3127 1165 3328 1222 bonam
3397 1180 3536 1231 esse,

1942 1249 2064 1306 ideo
2096 1259 2144 1305 te
2174 1268 2293 1307 eam
2323 1252 2520 1308 debere
2548 1255 2785 1326 recipere
2815 1254 2949 1311 dixi.

2015 1376 2245 1431 Pmns.
2278 1377 2472 1433 Dixisti
2526 1379 2687 1434 etiam
2746 1379 2883 1451 legis
2938 1379 3150 1435 illorum
3204 1377 3440 1433 radicem
3481 1376 3535 1431 in

1941 1463 2269 1521 inconvulsze
2297 1466 2521 1522 rationis
2561 1466 2912 1523 fundamento
2968 1474 3343 1534 constructam,
3394 1465 3537 1521 unde

1942 1552 1997 1607 in
2051 1553 2270 1609 alternae
2324 1554 2697 1626 disputationis
2750 1572 3022 1627 campum,
3098 1554 3263 1611 verba
3332 1552 3532 1621 verbis,

1943 1641 2197 1696 mandata
2226 1642 2510 1713 mandatis,
2540 1643 2917 1712 discurramus,
2949 1644 2992 1699 si
3035 1659 3155 1700 eam
3211 1643 3349 1699 bene
3403 1641 3531 1697 fun-

1942 1729 2121 1786 datam
2152 1731 2391 1787 invenire
2421 1733 2732 1805 poterimus.

2014 1857 2259 1913 Movsss.
2293 1857 2496 1915 Placet.

2015 1981 2245 2038 Parens.
2277 1982 2434 2053 Quod
2452 1983 2736 2055 quinquies
2762 1984 3130 2040 Mahumetum
3161 1980 3217 2036 in
3249 1980 3337 2036 die
3362 1995 3529 2037 oran-

1937 2069 2067 2125 dum
2088 2072 2377 2145 praecipere
2395 2072 2548 2142 dicis,
2570 2072 2693 2127 ideo
2718 2072 2903 2142 utique
2946 2071 3087 2137 fecit,
3137 2070 3265 2141 quia
3308 2067 3533 2125 consilio

1936 2158 2214 2216 doctorum
2243 2176 2460 2216 suorum
2500 2161 2864 2216 mediatricem
2919 2160 3224 2215 Iudaeorum
3287 2165 3342 2213 et
3386 2156 3537 2213 Chri-

1937 2248 2230 2303 stianorum
2261 2249 2437 2320 legem
2468 2249 2610 2305 efﬁci
2656 2249 2827 2305 voluit
2878 2264 3050 2316 suam,
3109 2262 3217 2303 non
3269 2245 3536 2317 probitate

1935 2336 2037 2403 sui,
2075 2352 2249 2406 neque
2305 2336 2571 2405 adjutorio
2624 2337 2753 2394 Dei.
2814 2336 2982 2393 Judaei
3038 2336 3182 2392 enim
3237 2332 3533 2389 secundum

1934 2424 2114 2496 legem
2143 2432 2222 2481 ter
2240 2426 2297 2479 in
2322 2426 2409 2481 die
2438 2433 2609 2495 orant,
2656 2425 2941 2481 Christiani
2986 2439 3117 2480 vero
3161 2423 3377 2495 septies,
3436 2420 3533 2477 sed

1935 2512 2031 2567 iste
2062 2528 2162 2568 nec
2189 2520 2269 2568 ter
2293 2530 2394 2569 nec
2418 2514 2634 2585 septies,
2681 2513 2777 2568 sed
2830 2513 3115 2584 quinquies
3168 2510 3373 2567 orando
3429 2517 3535 2564 tera

1936 2597 2141 2651 minum
2170 2596 2309 2653 inter
2322 2604 2600 2667 utramque
2629 2596 2826 2669 posuit.
2867 2595 3024 2667 Quod
3061 2602 3349 2666 antequam
3378 2600 3533 2649 orent

1934 2684 2056 2741 illos
2084 2700 2274 2740 manus
2301 2692 2355 2740 et
2381 2684 2603 2742 brachia
2648 2694 2703 2740 et
2745 2694 2940 2742 castera
2991 2683 3234 2755 corporis
3287 2681 3535 2737 membra

1935 2774 2151 2829 abluere
2183 2773 2387 2842 laudas,
2419 2789 2528 2831 non
2557 2774 2625 2829 ad
2654 2773 2953 2831 orationem
2980 2772 3231 2843 pertinet.
3275 2770 3356 2826 Ad
3402 2784 3531 2826 ora-

1934 2861 2134 2917 tionem
2183 2862 2400 2931 quidem
2454 2862 2684 2932 pertinet
2741 2862 3007 2927 mundari,
3062 2860 3380 2916 intrinsecus
3423 2873 3535 2914 non

1935 2948 2288 3004 extrinsecus.
2326 2949 2587 3005 Munditia
2614 2957 2794 3005 autem
2824 2949 2890 3005 de
2931 2948 3206 3004 ablutione
3251 2946 3534 3002 membro-

1932 3054 2052 3093 rum
2083 3037 2385 3109 pertinebat
2410 3038 2702 3094 cultoribus
2728 3038 2897 3094 stella:
2928 3037 3167 3105 Veneris,
3200 3035 3291 3106 qui
3337 3035 3533 3090 volen-

1936 3132 2014 3181 tes
2043 3142 2163 3181 eam
2193 3141 2365 3190 orare,
2400 3126 2469 3182 ad
2495 3126 2717 3181 modum
2749 3125 2965 3182 feminae
2993 3143 3051 3181 se
3071 3124 3354 3197 aptabant.
3392 3121 3537 3191 Quia

1933 3230 2061 3269 vero
2088 3222 2286 3285 puncto
2328 3215 2496 3270 stellae
2550 3214 2771 3270 Veneris
2823 3231 2919 3269 rex
2974 3212 3193 3269 effectus
3251 3220 3352 3272 est.
3408 3209 3532 3265 ideo

229 3280 462 3381 assis;
480 3280 1200 3385 ‘igge‘mdisgig'uans
1231 3280 1640 3381 angens};
1686 3280 1823 3367 es;

1944 3301 2049 3353 haec
2078 3280 2350 3370 praecepit.
2384 3299 2649 3369 Tempore
2696 3298 2953 3353 orationis
2997 3296 3215 3366 publica
3260 3310 3394 3350 voce
3443 3309 3538 3349 eos

229 3416 357 3455 num
408 3402 619 3456 thorum
676 3400 880 3456 foedare
934 3401 1197 3456 adulterio
1267 3407 1524 3470 tanquam
1594 3400 1825 3456 Domino

232 3498 573 3570 pmcipiente
595 3514 704 3555 non
749 3498 1106 3567 erubesceret,
1165 3499 1302 3554 sicut
1327 3498 1396 3554 de
1447 3499 1628 3554 Zanab
1670 3496 1825 3554 ﬁliat-

230 3587 308 3643 las
358 3603 527 3644 uxore
580 3589 672 3644 Zet
722 3587 937 3660 legitur.
991 3587 1272 3655 Dominus,
1332 3588 1524 3658 inquit,
1586 3587 1681 3643 tibi
1736 3589 1828 3642 Zet

231 3691 450 3732 uxorem
478 3675 745 3732 dimittere
794 3683 938 3731 tuam
994 3676 1255 3747 praecipit.
1314 3675 1491 3746 Quam
1548 3676 1826 3731 dimissam

231 3764 341 3835 ipse
368 3764 470 3821 sibi
494 3765 748 3821 continuo
770 3764 1063 3836 copulavit.
1115 3763 1283 3833 Cujus
1334 3763 1639 3819 evidentius
1690 3780 1825 3834 pro-

234 3862 464 3932 phetiam
483 3877 646 3932 quam
664 3862 812 3918 nulla
830 3862 897 3915 sit
932 3864 1093 3917 lassa:
1140 3861 1325 3917 uxoris
1380 3861 1499 3930 ejus
1557 3862 1827 3933 turpitudo

235 3950 498 4021 patefecit,
527 3950 744 4021 quando
789 3950 846 4005 in
900 3951 1163 4007 adulterio
1220 3950 1637 4020 deprehensam,
1706 3966 1827 4006 eam

234 4038 516 4093 multorum
559 4038 864 4094 testimonio
920 4054 1028 4095 non
1084 4039 1499 4108 deprehensam,
1559 4054 1626 4093 eo
1684 4038 1827 4108 quod

235 4134 391 4190 nollet
417 4150 538 4189 eam
567 4133 858 4203 dimittere,
891 4136 1025 4191 falso
1070 4134 1339 4190 Gabrielis
1387 4134 1574 4190 nuntio
1625 4133 1827 4189 conﬁr-

236 4222 412 4276 mavit.
448 4223 528 4277 De
564 4222 715 4292 cujus
753 4222 867 4278 vitii
901 4224 1162 4295 potentia,
1205 4222 1444 4277 libidinis
1471 4222 1675 4278 scilicet
1705 4223 1827 4278 lan-

235 4308 379 4363 dasse
404 4309 577 4363 Deum
600 4309 811 4381 legitur,
835 4326 900 4365 eo
933 4312 1076 4380 quod
1116 4310 1173 4364 in
1212 4325 1277 4365 eo
1316 4309 1639 4381 quadragies
1668 4326 1829 4380 supra

238 4407 519 4461 humanum
549 4408 770 4461 modum
801 4406 1115 4473 abundaret,
1155 4407 1538 4479 congratulans
1583 4405 1709 4474 sibi,
1761 4421 1827 4460 eo

239 4494 371 4564 quod
398 4494 578 4548 suavis
614 4495 749 4550 odor
775 4503 829 4549 ct
856 4497 1168 4567 speciositas
1199 4496 1489 4549 mulierum
1520 4495 1682 4549 dante
1714 4495 1826 4550 Deo

240 4582 515 4653 plurimum
545 4599 666 4638 eum
697 4583 1013 4639 oblectaret.
1052 4586 1131 4639 De
1162 4584 1433 4639 miraculis
1454 4583 1571 4653 jam
1624 4584 1825 4637 dictum

239 4671 433 4725 est.De
464 4669 619 4726 bellis
673 4679 852 4726 autem
908 4689 1029 4743 quae
1083 4673 1316 4727 Domino
1369 4671 1719 4743 praecipiente
1775 4680 1827 4726 et

241 4758 503 4813 victoriam
545 4759 888 4831 promittente
943 4777 999 4814 se
1056 4759 1237 4814 iniisse
1297 4759 1583 4827 fatebatur,
1644 4760 1832 4815 dentes

243 4847 348 4916 ejus
373 4847 583 4903 contriti
614 4848 670 4902 in
706 4847 869 4916 bello,
904 4848 1174 4919 faciesque
1201 4849 1407 4914 collisa,
1453 4850 1621 4904 multa
1668 4849 1828 4904 etiam

240 4936 399 4991 czedes
427 4944 480 4991 et
510 4936 637 5007 fuga
666 4952 905 5005 suorum,
937 4938 1214 4993 veritatem
1248 4945 1505 4993 testantur
1541 4954 1555 5007 ;
1619 4955 1739 5008 quae
1787 4937 1829 4992 si

239 5025 447 5096 angelus
464 5024 679 5080 Domini
706 5025 914 5079 utdicis
944 5043 1065 5080 eum
1088 5026 1399 5093 custodiret,
1453 5026 1677 5081 minime
1726 5027 1830 5081 sibi

241 5122 543 5190 acciderent,
576 5122 712 5178 sicut
740 5122 807 5178 de
840 5124 954 5178 Elia
985 5131 1036 5179 et
1066 5123 1244 5179 Eliseo
1273 5124 1505 5197 legimus
1545 5124 1652 5194 (III
1687 5127 1819 5197 Reg.

240 5212 362 5281 xxx),
393 5228 526 5282 quos
556 5211 625 5267 ab
677 5212 907 5266 inimicis
963 5212 1073 5267 suis
1129 5230 1346 5285 semper
1404 5214 1602 5284 eripuit
1660 5215 1824 5280 Deus,

241 5317 381 5370 quem
412 5300 571 5355 etiam
601 5299 645 5355 si
678 5300 795 5354 talis
824 5308 959 5355 esset
1020 5309 1075 5356 ut
1131 5301 1278 5369 dicit,
1341 5319 1556 5373 semper
1608 5302 1829 5358 victoria

239 5396 546 5459 sequeretur,
579 5397 637 5444 ut
660 5391 899 5460 Moysen,
928 5389 1089 5445 Josue
1130 5399 1183 5445 et
1222 5390 1417 5456 David,
1458 5407 1596 5462 quos
1641 5391 1827 5446 divino

236 5478 367 5548 jussu
394 5478 581 5547 praelia
636 5478 1052 5546 committentes,
1114 5495 1332 5551 semper
1380 5480 1608 5536 victoria
1660 5479 1828 5535 comi-

244 5567 497 5631 tabatur”
516 5565 562 5621 V
586 5569 714 5638 Reg.
752 5582 842 5635 vr;
879 5568 1057 5624 Exod.
1092 5583 1206 5625 xvu
1238 5583 1252 5637 ;
1284 5569 1469 5626 Iosue.
1495 5572 1556 5637 ι).
1592 5568 1649 5624 Si
1698 5584 1827 5623 vero

243 5656 381 5711 etiam
413 5657 674 5727 propheta
709 5670 887 5723 verus,
922 5663 980 5711 ut
1008 5656 1111 5726 ais,
1144 5664 1301 5725 esset,
1335 5657 1520 5729 praelia
1564 5656 1825 5713 commis-

243 5760 375 5799 surus
402 5752 576 5798 utrum
606 5744 710 5799 sibi
741 5745 885 5801 male
904 5745 1143 5802 eveniret
1163 5745 1341 5803 sciret.
1368 5746 1655 5816 Quomodo
1693 5761 1824 5818 ergo

244 5849 354 5889 mea
370 5834 489 5904 lege
518 5832 740 5888 dimissa
767 5833 910 5890 illius
938 5849 1028 5891 me
1057 5835 1233 5909 legem
1277 5835 1411 5892 dicis
1438 5835 1614 5906 potius
1662 5850 1822 5906 quam

248 5921 577 5977 Christianam
608 5920 817 5994 insequi
847 5921 1049 5979 debere
1070 5924 1097 5977 ?

1936 3386 2232 3458 praeconari
2259 3386 2461 3454 fateris,
2495 3386 2638 3457 quod
2667 3402 2775 3441 non
2829 3385 3081 3442 convenit
3130 3382 3379 3452 orationi,
3437 3380 3539 3437 nisi

1936 3470 2060 3540 quia
2091 3470 2235 3525 aliud
2262 3486 2461 3525 novum
2491 3470 2677 3541 nequit
2702 3470 2980 3539 imponere
3008 3469 3245 3541 signum.
3287 3466 3539 3537 Jejunare

1936 3575 2033 3629 per
2050 3575 2290 3613 mensem
2319 3558 2586 3631 integrum
2616 3574 2726 3624 eos,
2759 3566 2816 3613 ut
2862 3557 2961 3624 ais,
3018 3556 3161 3627 quod
3216 3555 3537 3627 restringant

1936 3647 2068 3702 vitia
2097 3648 2274 3702 carnis
2302 3647 2574 3719 praecepit,
2608 3646 2753 3717 quod
2782 3653 2861 3701 est
2903 3645 3114 3701 initium
3169 3642 3527 3714 paenitentiae.

1936 3735 2044 3792 Sed
2072 3736 2178 3803 dic,
2215 3751 2414 3807 quaso,
2447 3735 2598 3804 mihi,
2631 3733 2760 3806 quid
2807 3734 3024 3806 prodest
3071 3733 3216 3789 diem
3259 3732 3532 3803 jejunare,

1936 3832 1990 3879 et
2018 3832 2173 3880 nocte
2203 3832 2280 3880 ter
2306 3824 2393 3879 vel
2424 3832 2612 3894 quater
2634 3823 2937 3890 comedere,
2989 3829 3043 3877 et
3082 3821 3241 3877 bonis
3282 3820 3537 3877 carnibus

1937 3913 2262 3984 optimisque
2290 3913 2426 3969 cibis
2456 3913 2578 3979 frui,
2612 3921 2664 3968 et
2704 3911 3021 3967 mulieribus
3067 3910 3192 3967 uti?
3240 3911 3370 3966 Hac
3421 3925 3529 3965 non

1935 4001 2235 4069 debilitant,
2265 4003 2361 4057 sed
2389 4001 2567 4070 potius
2596 4001 2947 4057 corroborant
2975 4014 3213 4055 carnem.
3246 3997 3404 4067 Quod
3450 4013 3537 4053 se-

1937 4090 2045 4145 mel
2074 4090 2128 4144 in
2156 4106 2300 4146 anno
2328 4090 2462 4145 dicis
2490 4106 2584 4145 eos
2611 4090 2679 4144 ad
2711 4089 2933 4144 domum
2991 4088 3109 4155 Dei,
3167 4102 3289 4157 quae
3346 4092 3427 4142 est
3480 4086 3536 4140 in

1936 4181 2143 4246 Mecha,
2176 4179 2253 4234 ire
2272 4186 2491 4251 propter
2507 4177 2952 4251 recognitionem,
2984 4184 3035 4232 et
3063 4175 3139 4231 ibi
3168 4191 3321 4230 orare
3370 4190 3532 4245 quam

1934 4267 2117 4323 dicunt
2148 4268 2307 4323 fuisse
2338 4267 2467 4324 Adae
2525 4274 2578 4323 et
2624 4266 2873 4334 Abrahae,
2932 4280 3041 4321 non
3098 4280 3166 4319 ex
3223 4263 3533 4320 auctoritate

1936 4356 2155 4424 habent,
2214 4356 2309 4411 sed
2360 4356 2512 4427 quasi
2582 4362 2948 4411 commentum
2996 4352 3215 4423 aliquod
3287 4350 3523 4424 ﬁngunt.

1935 4447 2234 4515 Antequam
2265 4444 2409 4498 enim
2439 4444 2617 4516 legem
2638 4441 3195 4514 praedicasset,domus
3223 4442 3338 4497 hac
3374 4439 3534 4495 idolis

1936 4533 2095 4603 plena
2122 4540 2259 4587 erat.
2297 4532 2403 4588 Sed
2432 4533 2475 4586 si
2507 4539 2580 4600 tu,
2613 4548 2645 4587 ο
2676 4533 2902 4602 Moyses,
2951 4530 3122 4586 scives
3168 4528 3341 4599 qualis
3396 4536 3537 4584 esset

1859 4636 1911 4697 ι)
1940 4621 2133 4675 domus
2161 4621 2271 4688 illa,
2322 4628 2373 4675 et
2422 4620 2565 4690 quod
2620 4627 2880 4675 secretum
2939 4618 3012 4672 ibi
3070 4618 3284 4684 inesset,
3346 4624 3400 4672 et
3442 4632 3537 4672 cur

1939 4708 2066 4763 illuc
2092 4709 2464 4763 Mahomethus
2492 4707 2610 4773 iret,
2643 4715 2695 4761 et
2745 4722 2865 4776 qua:
2922 4705 2976 4760 in
3032 4705 3153 4777 lege
3190 4704 3534 4759 inveniuntur

1932 4794 2095 4865 jussit
2126 4796 2320 4865 facere,
2354 4795 2510 4850 valde
2541 4795 2812 4849 mirareris
2841 4794 2990 4849 inde.

2009 4921 2243 4974 Movsas.
2278 4920 2423 4974 Istud
2453 4936 2586 4991 rogo
2618 4919 2748 4973 mihi
2779 4920 2921 4989 quod
2961 4917 3094 4973 dicis
3133 4917 3389 4973 insinuas.
3439 4914 3532 4972 Li-

1938 5016 2022 5062 cet
2052 5008 2194 5063 enim
2224 5008 2363 5063 hanc
2390 5009 2566 5079 legem
2602 5007 2697 5062 tibi
2725 5006 3032 5076 praedicem,
3064 5022 3230 5075 quare
3251 5004 3533 5060 interillud

1936 5103 1989 5150 et
2015 5104 2208 5151 caetera
2237 5112 2356 5166 quae
2386 5097 2472 5151 lex
2501 5096 2747 5166 praecipit
2776 5095 2851 5149 ibi
2880 5095 3056 5150 facere
3082 5094 3258 5165 jussit,
3309 5093 3517 5149 nescio.

2007 5221 2237 5276 Parens.
2276 5221 2514 5277 Breviter
2539 5221 2756 5292 quidem
2791 5220 3042 5278 volebam
3078 5219 3172 5275 tibi
3230 5217 3527 5288 notiﬁcare,

1935 5310 2028 5365 sed
2059 5310 2221 5366 modo
2251 5318 2470 5383 rogatus
2499 5310 2810 5365 monstrabo
2840 5318 3042 5381 aperte.
3103 5309 3223 5364 Duo
3279 5306 3374 5362 ﬁlii
3430 5307 3532 5363 Lot

1934 5401 2109 5454 Amon
2138 5407 2189 5455 et
2218 5399 2396 5464 Moab,
2431 5400 2569 5454 hanc
2615 5399 2837 5454 domum
2895 5397 3252 5464 honorabant,
3312 5403 3365 5451 et
3420 5395 3528 5452 duo

1935 5487 2081 5542 idola
2106 5487 2176 5542 ab
2205 5487 2408 5543 eisdem
2438 5487 2512 5541 ibi
2540 5486 2874 5552 colebantur,
2903 5486 3129 5541 alterum
3160 5501 3226 5540 ex
3257 5484 3401 5549 albo,
3454 5484 3533 5539 al-

1934 5582 2106 5630 terum
2135 5592 2202 5629 ex
2233 5576 2388 5647 nigro
2418 5575 2596 5646 lapide
2618 5575 3118 5646 paratum.Nomen
3138 5572 3357 5643 quidem
3386 5572 3530 5627 illius

1934 5664 2077 5733 quod
2106 5680 2173 5718 ex
2203 5664 2361 5736 nigro
2389 5671 2505 5719 erat
2532 5664 2711 5735 lapide
2768 5662 3080 5729 Mercurius,
3141 5677 3339 5718 nomen
3397 5677 3528 5716 vero

1932 5747 2149 5803 alterius
2178 5748 2429 5803 Chamos.
2462 5749 2701 5803 Alterum
2728 5746 2873 5817 quod
2902 5763 2969 5801 ex
3002 5746 3158 5818 nigro
3198 5743 3379 5814 lapide
3426 5751 3528 5812 est,

1931 5835 1987 5890 in
2016 5838 2220 5893 honore
2248 5836 2483 5902 Saturni,
2518 5837 2747 5892 alterum
2777 5835 2921 5906 quod
2950 5850 3019 5889 ex
3047 5834 3174 5890 albo
3225 5833 3281 5887 in
3327 5832 3534 5905 honore

1929 5926 2112 5982 Martis
2138 5922 2460 5983 aediﬁcatum
2489 5932 2590 5981 est.
2616 5925 2704 5979 Bis
2722 5924 2778 5979 in
2797 5938 2942 5979 anno
2977 5923 3208 5979 cultores
3244 5932 3428 5975 eorum
3458 5917 3529 5971 ad
