  <div class='ocr_page' id='page_1' title='image "/cluster/home/n/w/nwhite01/storage/ocr_20150623/156-157/uc1.31175010662024/943.png"; bbox 0 0 3966 6406; ppageno 0'>
   <div class='ocr_carea' id='block_1_1' title="bbox 433 425 3794 501">
    <p class='ocr_par' dir='ltr' id='par_1_1' title="bbox 433 425 3794 501">
     <span class='ocr_line' id='line_1_1' title="bbox 433 425 3794 501; baseline 0.006 -19"><span class='ocrx_word' id='word_1_1' title='bbox 433 425 537 483; x_wconf 82' lang='lat'><strong>603</strong></span> <span class='ocrx_word' id='word_1_2' title='bbox 1358 433 1564 491; x_wconf 81' lang='lat' dir='ltr'><strong>PETRI</strong></span> <span class='ocrx_word' id='word_1_3' title='bbox 1604 432 1956 491; x_wconf 75' lang='lat' dir='ltr'><strong>ALPHONSI</strong></span> <span class='ocrx_word' id='word_1_4' title='bbox 1992 436 2093 494; x_wconf 82' lang='lat' dir='ltr'><strong>EX</strong></span> <span class='ocrx_word' id='word_1_5' title='bbox 2127 439 2370 499; x_wconf 71' lang='lat' dir='ltr'><strong>JUDEO</strong></span> <span class='ocrx_word' id='word_1_6' title='bbox 2411 441 2808 499; x_wconf 79' lang='lat' dir='ltr'><strong>CHRISTIANI</strong></span> <span class='ocrx_word' id='word_1_7' title='bbox 3669 444 3794 501; x_wconf 66' lang='lat'><strong>604</strong></span> 
     </span>
    </p>
   </div>
   <div class='ocr_carea' id='block_1_2' title="bbox 434 548 3799 644">
    <p class='ocr_par' dir='ltr' id='par_1_2' title="bbox 434 548 3799 644">
     <span class='ocr_line' id='line_1_2' title="bbox 434 548 3799 644; baseline 0.006 -39"><span class='ocrx_word' id='word_1_8' title='bbox 434 548 554 621; x_wconf 86' lang='lat' dir='ltr'><strong>ipsa</strong></span> <span class='ocrx_word' id='word_1_9' title='bbox 597 548 971 644; x_wconf 79' lang='lat' dir='ltr'><strong>ascendebant</strong></span> <span class='ocrx_word' id='word_1_10' title='bbox 1022 553 1317 625; x_wconf 83' lang='lat' dir='ltr'><strong>adoranda,</strong></span> <span class='ocrx_word' id='word_1_11' title='bbox 1379 556 1449 613; x_wconf 91' lang='lat' dir='ltr'><strong>ad</strong></span> <span class='ocrx_word' id='word_1_12' title='bbox 1502 558 1729 613; x_wconf 88' lang='lat' dir='ltr'><strong>Martem</strong></span> <span class='ocrx_word' id='word_1_13' title='bbox 1815 558 2034 630; x_wconf 86' lang='lat' dir='ltr'><strong>quidem</strong></span> <span class='ocrx_word' id='word_1_14' title='bbox 2063 560 2116 624; x_wconf 80' lang='grc' dir='ltr'>Α</span> <span class='ocrx_word' id='word_1_15' title='bbox 2144 578 2341 637; x_wconf 82' lang='lat' dir='ltr'><strong>cogere</strong></span> <span class='ocrx_word' id='word_1_16' title='bbox 2393 565 2629 636; x_wconf 81' lang='lat' dir='ltr'><strong>aliquem</strong></span> <span class='ocrx_word' id='word_1_17' title='bbox 2684 565 2923 637; x_wconf 84' lang='lat' dir='ltr'><strong>credere,</strong></span> <span class='ocrx_word' id='word_1_18' title='bbox 2972 567 3065 625; x_wconf 88' lang='lat' dir='ltr'><strong>sed</strong></span> <span class='ocrx_word' id='word_1_19' title='bbox 3118 568 3232 644; x_wconf 84' lang='lat' dir='ltr'><strong>ipse</strong></span> <span class='ocrx_word' id='word_1_20' title='bbox 3285 570 3393 628; x_wconf 84' lang='lat' dir='ltr'><strong>hoc</strong></span> <span class='ocrx_word' id='word_1_21' title='bbox 3451 568 3799 643; x_wconf 73' lang='lat' dir='ltr'><strong>cupiditate</strong></span> 
     </span>
    </p>
   </div>
   <div class='ocr_carea' id='block_1_3' title="bbox 435 640 3781 727">
    <p class='ocr_par' dir='ltr' id='par_1_3' title="bbox 435 640 3781 727">
     <span class='ocr_line' id='line_1_3' title="bbox 435 640 3781 727; baseline 0.006 -32"><span class='ocrx_word' id='word_1_22' title='bbox 435 640 651 711; x_wconf 83' lang='lat' dir='ltr'><strong>quando</strong></span> <span class='ocrx_word' id='word_1_23' title='bbox 679 640 761 696; x_wconf 92' lang='lat' dir='ltr'><strong>sol</strong></span> <span class='ocrx_word' id='word_1_24' title='bbox 788 640 843 695; x_wconf 93' lang='lat' dir='ltr'><strong>in</strong></span> <span class='ocrx_word' id='word_1_25' title='bbox 871 641 1107 711; x_wconf 91' lang='lat' dir='ltr'><strong>primum</strong></span> <span class='ocrx_word' id='word_1_26' title='bbox 1138 645 1367 716; x_wconf 90' lang='lat' dir='ltr'><strong>gradum</strong></span> <span class='ocrx_word' id='word_1_27' title='bbox 1424 646 1606 701; x_wconf 75' lang='lat' dir='ltr'><strong>arietis</strong></span> <span class='ocrx_word' id='word_1_28' title='bbox 1664 646 1845 716; x_wconf 82' lang='lat' dir='ltr'><strong>intrat,</strong></span> <span class='ocrx_word' id='word_1_29' title='bbox 1906 649 2034 719; x_wconf 83' lang='lat' dir='ltr'><strong>quia</strong></span> <span class='ocrx_word' id='word_1_30' title='bbox 2151 654 2407 726; x_wconf 75' lang='lat' dir='ltr'><strong>praecepit</strong></span> <span class='ocrx_word' id='word_1_31' title='bbox 2434 655 2696 727; x_wconf 83' lang='lat' dir='ltr'><strong>pecuniae,</strong></span> <span class='ocrx_word' id='word_1_32' title='bbox 2729 664 2781 712; x_wconf 90' lang='lat' dir='ltr'><strong>et</strong></span> <span class='ocrx_word' id='word_1_33' title='bbox 2814 664 2873 712; x_wconf 90' lang='lat' dir='ltr'><strong>ut</strong></span> <span class='ocrx_word' id='word_1_34' title='bbox 2926 640 3175 716; x_wconf 75' lang='lat' dir='ltr'><strong>inimicos</strong></span> <span class='ocrx_word' id='word_1_35' title='bbox 3230 674 3356 716; x_wconf 89' lang='lat' dir='ltr'><strong>suos</strong></span> <span class='ocrx_word' id='word_1_36' title='bbox 3414 640 3781 717; x_wconf 71' lang='lat' dir='ltr'><strong>destrueret.</strong></span> 
     </span>
    </p>
   </div>
   <div class='ocr_carea' id='block_1_4' title="bbox 436 728 3794 820">
    <p class='ocr_par' dir='ltr' id='par_1_4' title="bbox 436 728 3794 820">
     <span class='ocr_line' id='line_1_4' title="bbox 436 728 3794 820; baseline 0.007 -38"><span class='ocrx_word' id='word_1_37' title='bbox 436 728 575 784; x_wconf 87' lang='lat' dir='ltr'><strong>aries</strong></span> <span class='ocrx_word' id='word_1_38' title='bbox 601 730 776 820; x_wconf 81' lang='lat' dir='ltr'><strong>honor</strong></span> <span class='ocrx_word' id='word_1_39' title='bbox 802 737 885 820; x_wconf 78' lang='lat' dir='ltr'><strong>est</strong></span> <span class='ocrx_word' id='word_1_40' title='bbox 908 732 1108 786; x_wconf 87' lang='lat' dir='ltr'><strong>Martis.</strong></span> <span class='ocrx_word' id='word_1_41' title='bbox 1142 736 1204 788; x_wconf 92' lang='lat' dir='ltr'><strong>In</strong></span> <span class='ocrx_word' id='word_1_42' title='bbox 1260 733 1416 805; x_wconf 81' lang='lat' dir='ltr'><strong>cujus</strong></span> <span class='ocrx_word' id='word_1_43' title='bbox 1473 735 1821 803; x_wconf 82' lang='lat' dir='ltr'><strong>discessione,</strong></span> <span class='ocrx_word' id='word_1_44' title='bbox 1878 746 2037 809; x_wconf 91' lang='lat' dir='ltr'><strong>prout</strong></span> <span class='ocrx_word' id='word_1_45' title='bbox 2150 742 2267 798; x_wconf 86' lang='lat' dir='ltr'><strong>Hoc</strong></span> <span class='ocrx_word' id='word_1_46' title='bbox 2294 750 2474 799; x_wconf 89' lang='lat' dir='ltr'><strong>autem</strong></span> <span class='ocrx_word' id='word_1_47' title='bbox 2502 751 2562 799; x_wconf 93' lang='lat' dir='ltr'><strong>ut</strong></span> <span class='ocrx_word' id='word_1_48' title='bbox 2586 744 2726 800; x_wconf 90' lang='lat' dir='ltr'><strong>nosti</strong></span> <span class='ocrx_word' id='word_1_49' title='bbox 2782 762 2891 802; x_wconf 90' lang='lat' dir='ltr'><strong>non</strong></span> <span class='ocrx_word' id='word_1_50' title='bbox 2946 746 3107 803; x_wconf 90' lang='lat' dir='ltr'><strong>debet</strong></span> <span class='ocrx_word' id='word_1_51' title='bbox 3159 746 3295 817; x_wconf 89' lang='lat' dir='ltr'><strong>ﬁeri,</strong></span> <span class='ocrx_word' id='word_1_52' title='bbox 3354 749 3467 805; x_wconf 90' lang='lat' dir='ltr'><strong>imo</strong></span> <span class='ocrx_word' id='word_1_53' title='bbox 3526 749 3573 805; x_wconf 97' lang='lat' dir='ltr'><strong>si</strong></span> <span class='ocrx_word' id='word_1_54' title='bbox 3646 749 3794 820; x_wconf 78' lang='lat' dir='ltr'><strong>quis</strong></span> 
     </span>
    </p>
   </div>
   <div class='ocr_carea' id='block_1_5' title="bbox 436 817 3790 910">
    <p class='ocr_par' dir='ltr' id='par_1_5' title="bbox 436 817 3790 910">
     <span class='ocr_line' id='line_1_5' title="bbox 436 817 3790 910; baseline 0.007 -38"><span class='ocrx_word' id='word_1_55' title='bbox 436 833 554 873; x_wconf 93' lang='lat' dir='ltr'><strong>mos</strong></span> <span class='ocrx_word' id='word_1_56' title='bbox 581 826 712 910; x_wconf 80' lang='lat' dir='ltr'><strong>erat,</strong></span> <span class='ocrx_word' id='word_1_57' title='bbox 743 817 950 910; x_wconf 79' lang='lat' dir='ltr'><strong>lapides</strong></span> <span class='ocrx_word' id='word_1_58' title='bbox 1000 820 1358 890; x_wconf 90' lang='lat' dir='ltr'><strong>jaciebantur.</strong></span> <span class='ocrx_word' id='word_1_59' title='bbox 1407 824 1488 878; x_wconf 80' lang='lat' dir='ltr'><strong>Ad</strong></span> <span class='ocrx_word' id='word_1_60' title='bbox 1543 824 1832 880; x_wconf 81' lang='lat' dir='ltr'><strong>Saturnum</strong></span> <span class='ocrx_word' id='word_1_61' title='bbox 1889 842 2039 895; x_wconf 88' lang='lat' dir='ltr'><strong>vero,</strong></span> <span class='ocrx_word' id='word_1_62' title='bbox 2151 832 2385 902; x_wconf 76' lang='lat' dir='ltr'><strong>aliquem</strong></span> <span class='ocrx_word' id='word_1_63' title='bbox 2416 842 2728 890; x_wconf 76' lang='lat' dir='ltr'><strong>convertere</strong></span> <span class='ocrx_word' id='word_1_64' title='bbox 2754 835 2904 903; x_wconf 89' lang='lat' dir='ltr'><strong>velit,</strong></span> <span class='ocrx_word' id='word_1_65' title='bbox 2953 852 3064 892; x_wconf 89' lang='lat' dir='ltr'><strong>non</strong></span> <span class='ocrx_word' id='word_1_66' title='bbox 3116 853 3214 910; x_wconf 87' lang='lat' dir='ltr'><strong>per</strong></span> <span class='ocrx_word' id='word_1_67' title='bbox 3257 837 3603 907; x_wconf 78' lang='lat' dir='ltr'><strong>violentiam,</strong></span> <span class='ocrx_word' id='word_1_68' title='bbox 3665 817 3790 894; x_wconf 70' lang='lat' dir='ltr'><strong>sed</strong></span> 
     </span>
    </p>
   </div>
   <div class='ocr_carea' id='block_1_6' title="bbox 434 905 3787 999">
    <p class='ocr_par' dir='ltr' id='par_1_6' title="bbox 434 905 3787 999">
     <span class='ocr_line' id='line_1_6' title="bbox 434 905 3787 999; baseline 0.007 -39"><span class='ocrx_word' id='word_1_69' title='bbox 434 905 649 999; x_wconf 78' lang='lat' dir='ltr'><strong>quando</strong></span> <span class='ocrx_word' id='word_1_70' title='bbox 678 906 757 962; x_wconf 91' lang='lat' dir='ltr'><strong>sol</strong></span> <span class='ocrx_word' id='word_1_71' title='bbox 793 906 849 961; x_wconf 92' lang='lat' dir='ltr'><strong>in</strong></span> <span class='ocrx_word' id='word_1_72' title='bbox 866 907 1101 999; x_wconf 83' lang='lat' dir='ltr'><strong>primum</strong></span> <span class='ocrx_word' id='word_1_73' title='bbox 1126 910 1357 999; x_wconf 84' lang='lat' dir='ltr'><strong>gradum</strong></span> <span class='ocrx_word' id='word_1_74' title='bbox 1392 912 1544 968; x_wconf 66' lang='lat' dir='ltr'><strong>librre</strong></span> <span class='ocrx_word' id='word_1_75' title='bbox 1575 912 1754 982; x_wconf 84' lang='lat' dir='ltr'><strong>intrat,</strong></span> <span class='ocrx_word' id='word_1_76' title='bbox 1788 914 1915 985; x_wconf 87' lang='lat' dir='ltr'><strong>quia</strong></span> <span class='ocrx_word' id='word_1_77' title='bbox 1963 915 2038 970; x_wconf 90' lang='lat' dir='ltr'><strong>li-</strong></span> <span class='ocrx_word' id='word_1_78' title='bbox 2150 920 2440 994; x_wconf 83' lang='lat' dir='ltr'><strong>diligenter</strong></span> <span class='ocrx_word' id='word_1_79' title='bbox 2468 929 2519 978; x_wconf 88' lang='lat' dir='ltr'><strong>et</strong></span> <span class='ocrx_word' id='word_1_80' title='bbox 2549 922 2777 980; x_wconf 88' lang='lat' dir='ltr'><strong>dulciter</strong></span> <span class='ocrx_word' id='word_1_81' title='bbox 2810 925 2913 982; x_wconf 90' lang='lat' dir='ltr'><strong>hoc</strong></span> <span class='ocrx_word' id='word_1_82' title='bbox 2970 905 3146 982; x_wconf 76' lang='lat' dir='ltr'><strong>facere</strong></span> <span class='ocrx_word' id='word_1_83' title='bbox 3201 925 3380 993; x_wconf 86' lang='lat' dir='ltr'><strong>debet,</strong></span> <span class='ocrx_word' id='word_1_84' title='bbox 3439 905 3593 984; x_wconf 78' lang='lat' dir='ltr'><strong>sicut</strong></span> <span class='ocrx_word' id='word_1_85' title='bbox 3646 926 3787 999; x_wconf 80' lang='lat' dir='ltr'><strong>ipse</strong></span> 
     </span>
    </p>
   </div>
   <div class='ocr_carea' id='block_1_7' title="bbox 437 994 3789 1087">
    <p class='ocr_par' dir='ltr' id='par_1_7' title="bbox 437 994 3789 1087">
     <span class='ocr_line' id='line_1_7' title="bbox 437 994 3789 1087; baseline 0.007 -37"><span class='ocrx_word' id='word_1_86' title='bbox 437 994 533 1087; x_wconf 78' lang='lat' dir='ltr'><strong>bra</strong></span> <span class='ocrx_word' id='word_1_87' title='bbox 562 996 734 1051; x_wconf 85' lang='lat' dir='ltr'><strong>honor</strong></span> <span class='ocrx_word' id='word_1_88' title='bbox 749 1002 839 1087; x_wconf 76' lang='lat' dir='ltr'><strong>est</strong></span> <span class='ocrx_word' id='word_1_89' title='bbox 868 997 1101 1054; x_wconf 89' lang='lat' dir='ltr'><strong>Saturni.</strong></span> <span class='ocrx_word' id='word_1_90' title='bbox 1136 998 1295 1068; x_wconf 87' lang='lat' dir='ltr'><strong>Quod</strong></span> <span class='ocrx_word' id='word_1_91' title='bbox 1324 1000 1701 1083; x_wconf 88' lang='lat' dir='ltr'><strong>thuriﬁcabant</strong></span> <span class='ocrx_word' id='word_1_92' title='bbox 1747 1003 1877 1058; x_wconf 89' lang='lat' dir='ltr'><strong>nudi</strong></span> <span class='ocrx_word' id='word_1_93' title='bbox 1926 1010 2043 1060; x_wconf 88' lang='lat' dir='ltr'><strong>ton-</strong></span> <span class='ocrx_word' id='word_1_94' title='bbox 2150 1011 2459 1067; x_wconf 86' lang='lat' dir='ltr'><strong>Mahometh</strong></span> <span class='ocrx_word' id='word_1_95' title='bbox 2490 1011 2546 1066; x_wconf 94' lang='lat' dir='ltr'><strong>in</strong></span> <span class='ocrx_word' id='word_1_96' title='bbox 2600 1028 2697 1069; x_wconf 90' lang='lat' dir='ltr'><strong>suo</strong></span> <span class='ocrx_word' id='word_1_97' title='bbox 2754 1021 2977 1069; x_wconf 87' lang='lat' dir='ltr'><strong>testatur</strong></span> <span class='ocrx_word' id='word_1_98' title='bbox 3028 1014 3310 1084; x_wconf 80' lang='lat' dir='ltr'><strong>Alcorano,</strong></span> <span class='ocrx_word' id='word_1_99' title='bbox 3365 1015 3464 1071; x_wconf 88' lang='lat' dir='ltr'><strong>sub</strong></span> <span class='ocrx_word' id='word_1_100' title='bbox 3518 994 3789 1087; x_wconf 69' lang='lat' dir='ltr'><strong>persona</strong></span> 
     </span>
    </p>
   </div>
   <div class='ocr_carea' id='block_1_8' title="bbox 435 1083 3786 1178">
    <p class='ocr_par' dir='ltr' id='par_1_8' title="bbox 435 1083 3786 1178">
     <span class='ocr_line' id='line_1_8' title="bbox 435 1083 3786 1178; baseline 0.007 -41"><span class='ocrx_word' id='word_1_101' title='bbox 435 1083 613 1178; x_wconf 78' lang='lat' dir='ltr'><strong>sisque</strong></span> <span class='ocrx_word' id='word_1_102' title='bbox 642 1084 926 1178; x_wconf 74' lang='lat' dir='ltr'><strong>capitibus,</strong></span> <span class='ocrx_word' id='word_1_103' title='bbox 959 1104 1133 1178; x_wconf 86' lang='lat' dir='ltr'><strong>usque</strong></span> <span class='ocrx_word' id='word_1_104' title='bbox 1155 1089 1560 1178; x_wconf 39' lang='lat' dir='ltr'><strong>in-hodiernum</strong></span> <span class='ocrx_word' id='word_1_105' title='bbox 1590 1091 1717 1173; x_wconf 83' lang='lat' dir='ltr'><strong>dien</strong></span> <span class='ocrx_word' id='word_1_106' title='bbox 1761 1091 1817 1146; x_wconf 92' lang='lat' dir='ltr'><strong>in</strong></span> <span class='ocrx_word' id='word_1_107' title='bbox 1866 1092 2039 1159; x_wconf 88' lang='lat' dir='ltr'><strong>India,</strong></span> <span class='ocrx_word' id='word_1_108' title='bbox 2151 1099 2372 1155; x_wconf 91' lang='lat' dir='ltr'><strong>Domini</strong></span> <span class='ocrx_word' id='word_1_109' title='bbox 2399 1100 2475 1155; x_wconf 90' lang='lat' dir='ltr'><strong>ita</strong></span> <span class='ocrx_word' id='word_1_110' title='bbox 2530 1100 2766 1174; x_wconf 90' lang='lat' dir='ltr'><strong>idipsum</strong></span> <span class='ocrx_word' id='word_1_111' title='bbox 2821 1103 3094 1159; x_wconf 89' lang='lat' dir='ltr'><strong>dicentis:</strong></span> <span class='ocrx_word' id='word_1_112' title='bbox 3154 1104 3212 1161; x_wconf 89' lang='lat' dir='ltr'><strong>Si</strong></span> <span class='ocrx_word' id='word_1_113' title='bbox 3267 1083 3431 1161; x_wconf 87' lang='lat' dir='ltr'><strong>vellet</strong></span> <span class='ocrx_word' id='word_1_114' title='bbox 3482 1083 3786 1161; x_wconf 79' lang='lat' dir='ltr'><strong>Dominus</strong></span> 
     </span>
    </p>
   </div>
   <div class='ocr_carea' id='block_1_9' title="bbox 435 1167 3779 1266">
    <p class='ocr_par' dir='ltr' id='par_1_9' title="bbox 435 1167 3779 1266">
     <span class='ocr_line' id='line_1_9' title="bbox 435 1167 3779 1266; baseline 0.009 -46"><span class='ocrx_word' id='word_1_115' title='bbox 435 1175 494 1266; x_wconf 68' lang='lat' dir='ltr'><strong>ut</strong></span> <span class='ocrx_word' id='word_1_116' title='bbox 544 1167 702 1266; x_wconf 41' lang='lat' dir='ltr'><strong>dixi,</strong></span> <span class='ocrx_word' id='word_1_117' title='bbox 727 1169 1045 1266; x_wconf 70' lang='lat' dir='ltr'><strong>celebratur.</strong></span> <span class='ocrx_word' id='word_1_118' title='bbox 1105 1172 1493 1266; x_wconf 67' lang='lat' dir='ltr'><strong>Arabesvero</strong></span> <span class='ocrx_word' id='word_1_119' title='bbox 1518 1265 1525 1266; x_wconf 14' lang='grc' dir='ltr'><em>γ</em></span> <span class='ocrx_word' id='word_1_120' title='bbox 1554 1170 1678 1229; x_wconf 71' lang='lat' dir='ltr'><strong>cuin</strong></span> <span class='ocrx_word' id='word_1_121' title='bbox 1734 1178 1908 1232; x_wconf 79' lang='lat' dir='ltr'><strong>Amon</strong></span> <span class='ocrx_word' id='word_1_122' title='bbox 1990 1185 2044 1233; x_wconf 82' lang='lat' dir='ltr'><strong>et</strong></span> <span class='ocrx_word' id='word_1_123' title='bbox 2149 1187 2296 1242; x_wconf 91' lang='lat' dir='ltr'><strong>Deus</strong></span> <span class='ocrx_word' id='word_1_124' title='bbox 2326 1195 2466 1256; x_wconf 90' lang='lat' dir='ltr'><strong>tuus,</strong></span> <span class='ocrx_word' id='word_1_125' title='bbox 2494 1167 2655 1245; x_wconf 79' lang='lat' dir='ltr'><strong>totius</strong></span> <span class='ocrx_word' id='word_1_126' title='bbox 2682 1191 2865 1247; x_wconf 84' lang='lat' dir='ltr'><strong>saeculi</strong></span> <span class='ocrx_word' id='word_1_127' title='bbox 2894 1199 3086 1265; x_wconf 83' lang='lat' dir='ltr'><strong>gentes</strong></span> <span class='ocrx_word' id='word_1_128' title='bbox 3114 1192 3409 1250; x_wconf 88' lang='lat' dir='ltr'><strong>crederent.</strong></span> <span class='ocrx_word' id='word_1_129' title='bbox 3460 1193 3570 1250; x_wconf 90' lang='lat' dir='ltr'><strong>Cur</strong></span> <span class='ocrx_word' id='word_1_130' title='bbox 3622 1209 3779 1266; x_wconf 79' lang='lat' dir='ltr'><strong>ergo</strong></span> 
     </span>
    </p>
   </div>
   <div class='ocr_carea' id='block_1_10' title="bbox 433 1256 3773 1351">
    <p class='ocr_par' dir='ltr' id='par_1_10' title="bbox 433 1256 3773 1351">
     <span class='ocr_line' id='line_1_10' title="bbox 433 1256 3773 1351; baseline 0.003 -39"><span class='ocrx_word' id='word_1_131' title='bbox 433 1257 596 1351; x_wconf 76' lang='lat' dir='ltr'><strong>Moab</strong></span> <span class='ocrx_word' id='word_1_132' title='bbox 651 1256 796 1313; x_wconf 90' lang='lat' dir='ltr'><strong>idola</strong></span> <span class='ocrx_word' id='word_1_133' title='bbox 849 1258 1174 1351; x_wconf 81' lang='lat' dir='ltr'><strong>adorabant.</strong></span> <span class='ocrx_word' id='word_1_134' title='bbox 1239 1263 1617 1318; x_wconf 86' lang='lat' dir='ltr'><strong>Mahomethus</strong></span> <span class='ocrx_word' id='word_1_135' title='bbox 1673 1271 1853 1319; x_wconf 91' lang='lat' dir='ltr'><strong>autem</strong></span> <span class='ocrx_word' id='word_1_136' title='bbox 1916 1272 2043 1337; x_wconf 85' lang='lat' dir='ltr'><strong>post</strong></span> <span class='ocrx_word' id='word_1_137' title='bbox 2148 1283 2207 1331; x_wconf 79' lang='grc' dir='ltr'><strong>ιιι</strong></span> <span class='ocrx_word' id='word_1_138' title='bbox 2235 1276 2457 1333; x_wconf 70' lang='lat' dir='ltr'><strong>credam</strong></span> <span class='ocrx_word' id='word_1_139' title='bbox 2483 1279 2636 1351; x_wconf 75' lang='lat' dir='ltr'><strong>cogis</strong></span> <span class='ocrx_word' id='word_1_140' title='bbox 2663 1280 2691 1333; x_wconf 61' lang='grc' dir='ltr'><strong>ε)</strong></span> <span class='ocrx_word' id='word_1_141' title='bbox 2748 1280 2874 1351; x_wconf 65' lang='lat' dir='ltr'><strong>quia</strong></span> <span class='ocrx_word' id='word_1_142' title='bbox 2894 1256 3105 1336; x_wconf 41' lang='lat' dir='ltr'><strong>vannus</strong></span> <span class='ocrx_word' id='word_1_143' title='bbox 3150 1281 3251 1337; x_wconf 75' lang='lat' dir='ltr'><strong>nisi</strong></span> <span class='ocrx_word' id='word_1_144' title='bbox 3314 1282 3591 1339; x_wconf 62' lang='lat' dir='ltr'><strong>minume</strong></span> <span class='ocrx_word' id='word_1_145' title='bbox 3655 1256 3773 1338; x_wconf 52' lang='lat' dir='ltr'><strong>[iii</strong></span> 
     </span>
    </p>
   </div>
   <div class='ocr_carea' id='block_1_11' title="bbox 436 1344 3773 1444">
    <p class='ocr_par' dir='ltr' id='par_1_11' title="bbox 436 1344 3773 1444">
     <span class='ocr_line' id='line_1_11' title="bbox 436 1344 3773 1444; baseline 0.003 -26"><span class='ocrx_word' id='word_1_146' title='bbox 436 1344 903 1444; x_wconf 60' lang='grc' dir='ltr'><strong>Ιοηειξηξιθαξριιε</strong></span> <span class='ocrx_word' id='word_1_147' title='bbox 946 1349 1190 1444; x_wconf 45' lang='lat' dir='ltr'><strong>veniens:</strong></span> <span class='ocrx_word' id='word_1_148' title='bbox 1232 1351 1534 1444; x_wconf 56' lang='lat' dir='ltr'><strong>Pristifmm</strong></span> <span class='ocrx_word' id='word_1_149' title='bbox 1591 1352 2034 1444; x_wconf 66' lang='grc' dir='ltr'><strong>ορηευθῐυάίῑιθῐη</strong></span> <span class='ocrx_word' id='word_1_150' title='bbox 2147 1366 2342 1421; x_wconf 91' lang='lat' dir='ltr'><strong>credit.</strong></span> <span class='ocrx_word' id='word_1_151' title='bbox 2382 1367 2447 1422; x_wconf 86' lang='lat' dir='ltr'><strong>Et</strong></span> <span class='ocrx_word' id='word_1_152' title='bbox 2475 1367 2531 1422; x_wconf 92' lang='lat' dir='ltr'><strong>in</strong></span> <span class='ocrx_word' id='word_1_153' title='bbox 2552 1344 2668 1424; x_wconf 67' lang='lat' dir='ltr'><strong>alio</strong></span> <span class='ocrx_word' id='word_1_154' title='bbox 2691 1344 2832 1435; x_wconf 76' lang='lat' dir='ltr'><strong>loco,</strong></span> <span class='ocrx_word' id='word_1_155' title='bbox 2855 1368 3031 1437; x_wconf 87' lang='lat' dir='ltr'><strong>vobis,</strong></span> <span class='ocrx_word' id='word_1_156' title='bbox 3063 1369 3252 1441; x_wconf 89' lang='lat' dir='ltr'><strong>inquit,</strong></span> <span class='ocrx_word' id='word_1_157' title='bbox 3271 1371 3522 1444; x_wconf 86' lang='lat' dir='ltr'><strong>gentibus</strong></span> <span class='ocrx_word' id='word_1_158' title='bbox 3541 1371 3773 1428; x_wconf 77' lang='lat' dir='ltr'><strong>veritas</strong></span> 
     </span>
    </p>
   </div>
   <div class='ocr_carea' id='block_1_12' title="bbox 435 1436 3764 1531">
    <p class='ocr_par' dir='ltr' id='par_1_12' title="bbox 435 1436 3764 1531">
     <span class='ocr_line' id='line_1_12' title="bbox 435 1436 3764 1531; baseline 0.003 -27"><span class='ocrx_word' id='word_1_159' title='bbox 435 1436 678 1531; x_wconf 32' lang='lat' dir='ltr'><strong>aequ-ivit</strong></span> <span class='ocrx_word' id='word_1_160' title='bbox 704 1436 937 1531; x_wconf 57' lang='lat' dir='ltr'><strong>auferge.</strong></span> <span class='ocrx_word' id='word_1_161' title='bbox 969 1438 1063 1493; x_wconf 85' lang='lat' dir='ltr'><strong>sed</strong></span> <span class='ocrx_word' id='word_1_162' title='bbox 1095 1439 1246 1509; x_wconf 81' lang='lat' dir='ltr'><strong>quasi</strong></span> <span class='ocrx_word' id='word_1_163' title='bbox 1274 1440 1681 1531; x_wconf 68' lang='lat' dir='ltr'><strong>quodammon</strong></span> <span class='ocrx_word' id='word_1_164' title='bbox 1722 1458 1873 1499; x_wconf 83' lang='lat' dir='ltr'><strong>more</strong></span> <span class='ocrx_word' id='word_1_165' title='bbox 1919 1459 2040 1498; x_wconf 87' lang='lat' dir='ltr'><strong>mu-</strong></span> <span class='ocrx_word' id='word_1_166' title='bbox 2148 1454 2247 1510; x_wconf 91' lang='lat' dir='ltr'><strong>Dei</strong></span> <span class='ocrx_word' id='word_1_167' title='bbox 2271 1454 2390 1525; x_wconf 92' lang='lat' dir='ltr'><strong>jam</strong></span> <span class='ocrx_word' id='word_1_168' title='bbox 2411 1456 2578 1513; x_wconf 87' lang='lat' dir='ltr'><strong>venit.</strong></span> <span class='ocrx_word' id='word_1_169' title='bbox 2596 1456 2699 1527; x_wconf 88' lang='lat' dir='ltr'><strong>Qui</strong></span> <span class='ocrx_word' id='word_1_170' title='bbox 2720 1458 3024 1528; x_wconf 90' lang='lat' dir='ltr'><strong>crediderit,</strong></span> <span class='ocrx_word' id='word_1_171' title='bbox 3066 1436 3165 1531; x_wconf 78' lang='lat' dir='ltr'><strong>pro</strong></span> <span class='ocrx_word' id='word_1_172' title='bbox 3200 1436 3485 1530; x_wconf 71' lang='lat' dir='ltr'><strong>semetipso</strong></span> <span class='ocrx_word' id='word_1_173' title='bbox 3528 1459 3764 1528; x_wconf 79' lang='lat' dir='ltr'><strong>fecerit,</strong></span> 
     </span>
    </p>
   </div>
   <div class='ocr_carea' id='block_1_13' title="bbox 440 1523 3769 1623">
    <p class='ocr_par' dir='ltr' id='par_1_13' title="bbox 440 1523 3769 1623">
     <span class='ocr_line' id='line_1_13' title="bbox 440 1523 3769 1623; baseline 0.007 -45"><span class='ocrx_word' id='word_1_174' title='bbox 440 1529 545 1622; x_wconf 78' lang='lat' dir='ltr'><strong>tato</strong></span> <span class='ocrx_word' id='word_1_175' title='bbox 564 1523 1316 1623; x_wconf 54' lang='lat' dir='ltr'><strong>inconsutilibustegumentis</strong></span> <span class='ocrx_word' id='word_1_176' title='bbox 1337 1535 1622 1623; x_wconf 75' lang='lat' dir='ltr'><strong>coopertos</strong></span> <span class='ocrx_word' id='word_1_177' title='bbox 1652 1529 1877 1623; x_wconf 81' lang='lat' dir='ltr'><strong>domum</strong></span> <span class='ocrx_word' id='word_1_178' title='bbox 1926 1531 2039 1623; x_wconf 79' lang='lat' dir='ltr'><strong>cir-</strong></span> <span class='ocrx_word' id='word_1_179' title='bbox 2149 1543 2240 1615; x_wconf 77' lang='lat' dir='ltr'><strong>qui</strong></span> <span class='ocrx_word' id='word_1_180' title='bbox 2269 1523 2397 1601; x_wconf 45' lang='grc' dir='ltr'><strong>ἦρι-ο</strong></span> <span class='ocrx_word' id='word_1_181' title='bbox 2427 1523 2704 1612; x_wconf 54' lang='lat' dir='ltr'><strong>eri-avehi,</strong></span> <span class='ocrx_word' id='word_1_182' title='bbox 2734 1562 2833 1617; x_wconf 72' lang='lat' dir='ltr'><strong>pro</strong></span> <span class='ocrx_word' id='word_1_183' title='bbox 2860 1523 3150 1619; x_wconf 64' lang='lat' dir='ltr'><strong>semetipso</strong></span> <span class='ocrx_word' id='word_1_184' title='bbox 3175 1523 3458 1615; x_wconf 53' lang='grc' dir='ltr'><strong>(πενίῃ-οι</strong></span> <span class='ocrx_word' id='word_1_185' title='bbox 3482 1564 3591 1622; x_wconf 82' lang='lat' dir='ltr'><strong>ego</strong></span> <span class='ocrx_word' id='word_1_186' title='bbox 3641 1523 3769 1605; x_wconf 79' lang='lat' dir='ltr'><strong>non</strong></span> 
     </span>
    </p>
   </div>
   <div class='ocr_carea' id='block_1_14' title="bbox 437 1613 3763 1713">
    <p class='ocr_par' dir='ltr' id='par_1_14' title="bbox 437 1613 3763 1713">
     <span class='ocr_line' id='line_1_14' title="bbox 437 1613 3763 1713; baseline 0.002 -27"><span class='ocrx_word' id='word_1_187' title='bbox 437 1613 582 1713; x_wconf 60' lang='grc' dir='ltr'><strong>ξιιίΐθ</strong></span> <span class='ocrx_word' id='word_1_188' title='bbox 602 1613 865 1713; x_wconf 55' lang='grc' dir='ltr'><strong>Ρθξωίξίί·</strong></span> <span class='ocrx_word' id='word_1_189' title='bbox 889 1613 996 1670; x_wconf 71' lang='lat' dir='ltr'><strong>Sed</strong></span> <span class='ocrx_word' id='word_1_190' title='bbox 1019 1632 1085 1713; x_wconf 50' lang='grc' dir='ltr'><strong>ης</strong></span> <span class='ocrx_word' id='word_1_191' title='bbox 1105 1616 1382 1713; x_wconf 54' lang='grc' dir='ltr'><strong>Υίάθῗθιυΐ</strong></span> <span class='ocrx_word' id='word_1_192' title='bbox 1400 1617 1559 1713; x_wconf 51' lang='lat' dir='ltr'><strong>Non?</strong></span> <span class='ocrx_word' id='word_1_193' title='bbox 1570 1618 1866 1713; x_wconf 53' lang='grc' dir='ltr'><strong>Ρῗωοίρθῗθ</strong></span> <span class='ocrx_word' id='word_1_194' title='bbox 1882 1620 2045 1713; x_wconf 40' lang='lat'><strong>3301?-</strong></span> <span class='ocrx_word' id='word_1_195' title='bbox 2149 1613 2269 1687; x_wconf 81' lang='lat' dir='ltr'><strong>sum</strong></span> <span class='ocrx_word' id='word_1_196' title='bbox 2297 1650 2458 1705; x_wconf 86' lang='lat' dir='ltr'><strong>super</strong></span> <span class='ocrx_word' id='word_1_197' title='bbox 2484 1649 2585 1691; x_wconf 84' lang='lat' dir='ltr'><strong>vos</strong></span> <span class='ocrx_word' id='word_1_198' title='bbox 2609 1613 2845 1706; x_wconf 80' lang='lat' dir='ltr'><strong>bajulus.</strong></span> <span class='ocrx_word' id='word_1_199' title='bbox 2881 1613 3120 1707; x_wconf 67' lang='lat' dir='ltr'><strong>Sequere</strong></span> <span class='ocrx_word' id='word_1_200' title='bbox 3156 1652 3302 1703; x_wconf 87' lang='lat' dir='ltr'><strong>vero,</strong></span> <span class='ocrx_word' id='word_1_201' title='bbox 3339 1613 3763 1713; x_wconf 29' lang='lat' dir='ltr'><strong>Deusiinquit,</strong></span> 
     </span>
    </p>
   </div>
   <div class='ocr_carea' id='block_1_15' title="bbox 436 1699 2050 1798">
    <p class='ocr_par' dir='ltr' id='par_1_15' title="bbox 436 1699 2045 1780">
     <span class='ocr_line' id='line_1_15' title="bbox 436 1699 2045 1780; baseline 0.006 -25"><span class='ocrx_word' id='word_1_202' title='bbox 436 1699 616 1769; x_wconf 86' lang='lat' dir='ltr'><strong>ﬁcare,</strong></span> <span class='ocrx_word' id='word_1_203' title='bbox 649 1702 1001 1759; x_wconf 88' lang='lat' dir='ltr'><strong>simulacrum</strong></span> <span class='ocrx_word' id='word_1_204' title='bbox 1038 1705 1256 1761; x_wconf 88' lang='lat' dir='ltr'><strong>Saturni</strong></span> <span class='ocrx_word' id='word_1_205' title='bbox 1284 1708 1583 1763; x_wconf 85' lang='lat' dir='ltr'><strong>construxit</strong></span> <span class='ocrx_word' id='word_1_206' title='bbox 1610 1707 1667 1762; x_wconf 91' lang='lat' dir='ltr'><strong>in</strong></span> <span class='ocrx_word' id='word_1_207' title='bbox 1713 1708 1938 1780; x_wconf 77' lang='lat' dir='ltr'><strong>pariete,</strong></span> <span class='ocrx_word' id='word_1_208' title='bbox 1987 1709 2045 1764; x_wconf 91' lang='lat' dir='ltr'><strong>in</strong></span> 
     </span>
    </p>
   </div>
   <div class='ocr_carea' id='block_1_16' title="bbox 2160 1699 3760 1798">
    <p class='ocr_par' dir='ltr' id='par_1_16' title="bbox 2160 1699 3760 1798">
     <span class='ocr_line' id='line_1_16' title="bbox 2160 1699 3760 1798; baseline 0 -20"><span class='ocrx_word' id='word_1_209' title='bbox 2160 1722 2296 1792; x_wconf 84' lang='lat' dir='ltr'><strong>quod</strong></span> <span class='ocrx_word' id='word_1_210' title='bbox 2312 1699 2581 1779; x_wconf 73' lang='lat' dir='ltr'><strong>revelatur</strong></span> <span class='ocrx_word' id='word_1_211' title='bbox 2607 1699 2724 1793; x_wconf 78' lang='lat' dir='ltr'><strong>tibi,</strong></span> <span class='ocrx_word' id='word_1_212' title='bbox 2766 1733 2818 1781; x_wconf 90' lang='lat' dir='ltr'><strong>et</strong></span> <span class='ocrx_word' id='word_1_213' title='bbox 2846 1699 3099 1798; x_wconf 70' lang='lat' dir='ltr'><strong>exspecta</strong></span> <span class='ocrx_word' id='word_1_214' title='bbox 3125 1699 3299 1783; x_wconf 81' lang='lat' dir='ltr'><strong>donec</strong></span> <span class='ocrx_word' id='word_1_215' title='bbox 3325 1727 3466 1782; x_wconf 85' lang='lat' dir='ltr'><strong>Deus</strong></span> <span class='ocrx_word' id='word_1_216' title='bbox 3486 1699 3760 1797; x_wconf 49' lang='lat' dir='ltr'><strong>&#39;judieet,</strong></span> 
     </span>
    </p>
   </div>
   <div class='ocr_carea' id='block_1_17' title="bbox 436 1790 2050 1890">
    <p class='ocr_par' dir='ltr' id='par_1_17' title="bbox 436 1790 2043 1867">
     <span class='ocr_line' id='line_1_17' title="bbox 436 1790 2043 1867; baseline 0.006 -22"><span class='ocrx_word' id='word_1_217' title='bbox 436 1790 635 1862; x_wconf 84' lang='lat' dir='ltr'><strong>angulo</strong></span> <span class='ocrx_word' id='word_1_218' title='bbox 664 1790 877 1860; x_wconf 90' lang='lat' dir='ltr'><strong>domus,</strong></span> <span class='ocrx_word' id='word_1_219' title='bbox 902 1808 970 1848; x_wconf 90' lang='lat' dir='ltr'><strong>ne</strong></span> <span class='ocrx_word' id='word_1_220' title='bbox 1001 1792 1183 1863; x_wconf 86' lang='lat' dir='ltr'><strong>facies,</strong></span> <span class='ocrx_word' id='word_1_221' title='bbox 1210 1804 1512 1867; x_wconf 89' lang='lat' dir='ltr'><strong>appareret,</strong></span> <span class='ocrx_word' id='word_1_222' title='bbox 1528 1795 1747 1852; x_wconf 91' lang='lat' dir='ltr'><strong>dorsum</strong></span> <span class='ocrx_word' id='word_1_223' title='bbox 1769 1812 1898 1853; x_wconf 90' lang='lat' dir='ltr'><strong>vero</strong></span> <span class='ocrx_word' id='word_1_224' title='bbox 1928 1805 2043 1854; x_wconf 85' lang='lat' dir='ltr'><strong>tan-</strong></span> 
     </span>
    </p>
   </div>
   <div class='ocr_carea' id='block_1_18' title="bbox 2160 1790 3759 1890">
    <p class='ocr_par' dir='ltr' id='par_1_18' title="bbox 2160 1790 3759 1885">
     <span class='ocr_line' id='line_1_18' title="bbox 2160 1790 3759 1885; baseline -0.005 -15"><span class='ocrx_word' id='word_1_225' title='bbox 2160 1790 2240 1883; x_wconf 57' lang='lat' dir='ltr'><strong>iui</strong></span> <span class='ocrx_word' id='word_1_226' title='bbox 2269 1828 2430 1885; x_wconf 88' lang='lat' dir='ltr'><strong>super</strong></span> <span class='ocrx_word' id='word_1_227' title='bbox 2456 1829 2647 1869; x_wconf 90' lang='lat' dir='ltr'><strong>omnes</strong></span> <span class='ocrx_word' id='word_1_228' title='bbox 2666 1790 2839 1884; x_wconf 81' lang='lat' dir='ltr'><strong>judex</strong></span> <span class='ocrx_word' id='word_1_229' title='bbox 2868 1790 2966 1870; x_wconf 55' lang='lat' dir='ltr'><strong>est:</strong></span> <span class='ocrx_word' id='word_1_230' title='bbox 2996 1817 3132 1872; x_wconf 90' lang='lat' dir='ltr'><strong>Item</strong></span> <span class='ocrx_word' id='word_1_231' title='bbox 3181 1814 3236 1870; x_wconf 92' lang='lat' dir='ltr'><strong>in</strong></span> <span class='ocrx_word' id='word_1_232' title='bbox 3282 1790 3759 1885; x_wconf 36' lang='lat' dir='ltr'><strong>eodem,vDomi.&#39;</strong></span> 
     </span>
    </p>
   </div>
   <div class='ocr_carea' id='block_1_19' title="bbox 438 1881 3763 1979">
    <p class='ocr_par' dir='ltr' id='par_1_19' title="bbox 438 1881 3763 1979">
     <span class='ocr_line' id='line_1_19' title="bbox 438 1881 3763 1979; baseline 0.002 -26"><span class='ocrx_word' id='word_1_233' title='bbox 438 1886 546 1979; x_wconf 42' lang='lat' dir='ltr'><strong>Eum</strong></span> <span class='ocrx_word' id='word_1_234' title='bbox 568 1881 802 1979; x_wconf 38' lang='lat' dir='ltr'><strong>eximus</strong></span> <span class='ocrx_word' id='word_1_235' title='bbox 821 1888 902 1979; x_wconf 49' lang='lat' dir='ltr'><strong>fisi</strong></span> <span class='ocrx_word' id='word_1_236' title='bbox 928 1881 1180 1979; x_wconf 56' lang='lat' dir='ltr'><strong>POSiWT-</strong></span> <span class='ocrx_word' id='word_1_237' title='bbox 1206 1883 1444 1939; x_wconf 66' lang='grc' dir='ltr'><strong>Αιῑενωη</strong></span> <span class='ocrx_word' id='word_1_238' title='bbox 1485 1884 1666 1979; x_wconf 39' lang='lat' dir='ltr'><strong>ligatus</strong></span> <span class='ocrx_word' id='word_1_239' title='bbox 1685 1885 1891 1941; x_wconf 74' lang='grc' dir='ltr'><strong>δοίῙίθθῑ</strong></span> <span class='ocrx_word' id='word_1_240' title='bbox 1922 1885 2043 1979; x_wconf 53' lang='grc' dir='ltr'><strong>ίᾷο·</strong></span> <span class='ocrx_word' id='word_1_241' title='bbox 2071 1918 2125 1979; x_wconf 81' lang='grc' dir='ltr'>Β</span> <span class='ocrx_word' id='word_1_242' title='bbox 2152 1881 2267 1970; x_wconf 82' lang='lat' dir='ltr'><strong>nus,</strong></span> <span class='ocrx_word' id='word_1_243' title='bbox 2303 1881 2493 1972; x_wconf 78' lang='lat' dir='ltr'><strong>inquit,</strong></span> <span class='ocrx_word' id='word_1_244' title='bbox 2515 1881 2809 1959; x_wconf 36' lang='lat' dir='ltr'><strong>Deus&#39;tuus</strong></span> <span class='ocrx_word' id='word_1_245' title='bbox 2839 1902 2939 1959; x_wconf 88' lang='lat' dir='ltr'><strong>sub</strong></span> <span class='ocrx_word' id='word_1_246' title='bbox 2968 1918 3075 1958; x_wconf 88' lang='lat' dir='ltr'><strong>una</strong></span> <span class='ocrx_word' id='word_1_247' title='bbox 3095 1904 3218 1977; x_wconf 91' lang='lat' dir='ltr'><strong>lege</strong></span> <span class='ocrx_word' id='word_1_248' title='bbox 3257 1881 3483 1961; x_wconf 25' lang='lat' dir='ltr'><strong>cunctos.</strong></span> <span class='ocrx_word' id='word_1_249' title='bbox 3500 1903 3545 1958; x_wconf 90' lang='lat' dir='ltr'><strong>si</strong></span> <span class='ocrx_word' id='word_1_250' title='bbox 3576 1904 3763 1959; x_wconf 84' lang='lat' dir='ltr'><strong>vellet</strong></span> 
     </span>
    </p>
   </div>
   <div class='ocr_carea' id='block_1_20' title="bbox 437 1967 2050 2070">
    <p class='ocr_par' dir='ltr' id='par_1_20' title="bbox 437 1967 2040 2070">
     <span class='ocr_line' id='line_1_20' title="bbox 437 1967 2040 2070; baseline 0.006 -49"><span class='ocrx_word' id='word_1_251' title='bbox 437 1967 549 2070; x_wconf 82' lang='lat' dir='ltr'><strong>lum</strong></span> <span class='ocrx_word' id='word_1_252' title='bbox 579 1969 707 2038; x_wconf 90' lang='lat' dir='ltr'><strong>quia</strong></span> <span class='ocrx_word' id='word_1_253' title='bbox 730 1970 998 2040; x_wconf 90' lang='lat' dir='ltr'><strong>sculptum</strong></span> <span class='ocrx_word' id='word_1_254' title='bbox 1026 1972 1283 2043; x_wconf 89' lang='lat' dir='ltr'><strong>undique,</strong></span> <span class='ocrx_word' id='word_1_255' title='bbox 1314 1981 1428 2030; x_wconf 89' lang='lat' dir='ltr'><strong>erat</strong></span> <span class='ocrx_word' id='word_1_256' title='bbox 1450 1974 1638 2030; x_wconf 86' lang='lat' dir='ltr'><strong>subtus</strong></span> <span class='ocrx_word' id='word_1_257' title='bbox 1666 1983 1864 2031; x_wconf 89' lang='lat' dir='ltr'><strong>terram</strong></span> <span class='ocrx_word' id='word_1_258' title='bbox 1881 1983 1935 2031; x_wconf 90' lang='lat' dir='ltr'><strong>et</strong></span> <span class='ocrx_word' id='word_1_259' title='bbox 1955 1975 2040 2031; x_wconf 88' lang='lat' dir='ltr'><strong>la-</strong></span> 
     </span>
    </p>
   </div>
   <div class='ocr_carea' id='block_1_21' title="bbox 2160 1967 3757 2070">
    <p class='ocr_par' dir='ltr' id='par_1_21' title="bbox 2160 1967 3757 2065">
     <span class='ocr_line' id='line_1_21' title="bbox 2160 1967 3757 2065; baseline 0.003 -22"><span class='ocrx_word' id='word_1_260' title='bbox 2160 1967 2265 2045; x_wconf 74' lang='lat' dir='ltr'><strong>sine</strong></span> <span class='ocrx_word' id='word_1_261' title='bbox 2289 1967 2557 2046; x_wconf 79' lang='lat' dir='ltr'><strong>discordia</strong></span> <span class='ocrx_word' id='word_1_262' title='bbox 2601 1998 2845 2063; x_wconf 89' lang='lat' dir='ltr'><strong>poneret.</strong></span> <span class='ocrx_word' id='word_1_263' title='bbox 2884 1991 3065 2065; x_wconf 82' lang='lat' dir='ltr'><strong>Fingit</strong></span> <span class='ocrx_word' id='word_1_264' title='bbox 3105 1967 3233 2047; x_wconf 60' lang='lat' dir='ltr'><strong>itam</strong></span> <span class='ocrx_word' id='word_1_265' title='bbox 3260 1992 3315 2047; x_wconf 90' lang='lat' dir='ltr'><strong>in</strong></span> <span class='ocrx_word' id='word_1_266' title='bbox 3334 1992 3439 2048; x_wconf 90' lang='lat' dir='ltr'><strong>alio</strong></span> <span class='ocrx_word' id='word_1_267' title='bbox 3467 1992 3586 2048; x_wconf 88' lang='lat' dir='ltr'><strong>loco</strong></span> <span class='ocrx_word' id='word_1_268' title='bbox 3619 2000 3757 2047; x_wconf 77' lang='lat' dir='ltr'><strong>tan-</strong></span> 
     </span>
    </p>
   </div>
   <div class='ocr_carea' id='block_1_22' title="bbox 436 2056 3752 2156">
    <p class='ocr_par' dir='ltr' id='par_1_22' title="bbox 436 2056 3752 2156">
     <span class='ocr_line' id='line_1_22' title="bbox 436 2056 3752 2156; baseline 0.002 -29"><span class='ocrx_word' id='word_1_269' title='bbox 436 2056 620 2156; x_wconf 64' lang='grc' dir='ltr'><strong>Ρίάεξω</strong></span> <span class='ocrx_word' id='word_1_270' title='bbox 638 2059 1037 2156; x_wconf 51' lang='grc' dir='ltr'><strong>διξρξαροδίιυξη</strong></span> <span class='ocrx_word' id='word_1_271' title='bbox 1058 2059 1683 2156; x_wconf 19' lang='grc' dir='ltr'><strong>ωίξίῐιῇὶξοηξίῐιίδιιενθζο</strong></span> <span class='ocrx_word' id='word_1_272' title='bbox 1705 2063 1795 2156; x_wconf 59' lang='lat' dir='ltr'><strong>fini</strong></span> <span class='ocrx_word' id='word_1_273' title='bbox 1814 2063 1883 2119; x_wconf 69' lang='lat' dir='ltr'><strong>ad</strong></span> <span class='ocrx_word' id='word_1_274' title='bbox 1902 2064 2033 2156; x_wconf 59' lang='lat' dir='ltr'><strong>ad?-</strong></span> <span class='ocrx_word' id='word_1_275' title='bbox 2150 2095 2314 2149; x_wconf 89' lang='lat' dir='ltr'><strong>quam</strong></span> <span class='ocrx_word' id='word_1_276' title='bbox 2343 2078 2446 2134; x_wconf 89' lang='lat' dir='ltr'><strong>sibi</strong></span> <span class='ocrx_word' id='word_1_277' title='bbox 2477 2056 2621 2135; x_wconf 78' lang='lat' dir='ltr'><strong>Deus</strong></span> <span class='ocrx_word' id='word_1_278' title='bbox 2650 2080 2916 2152; x_wconf 88' lang='lat' dir='ltr'><strong>loquatur.</strong></span> <span class='ocrx_word' id='word_1_279' title='bbox 2938 2056 3081 2151; x_wconf 71' lang='lat' dir='ltr'><strong>Non,</strong></span> <span class='ocrx_word' id='word_1_280' title='bbox 3129 2080 3319 2152; x_wconf 90' lang='lat' dir='ltr'><strong>inquit,</strong></span> <span class='ocrx_word' id='word_1_281' title='bbox 3377 2080 3636 2137; x_wconf 80' lang='lat' dir='ltr'><strong>violentia</strong></span> <span class='ocrx_word' id='word_1_282' title='bbox 3694 2081 3752 2135; x_wconf 90' lang='lat' dir='ltr'><strong>in</strong></span> 
     </span>
    </p>
   </div>
   <div class='ocr_carea' id='block_1_23' title="bbox 435 2145 3749 2244">
    <p class='ocr_par' dir='ltr' id='par_1_23' title="bbox 435 2145 3749 2244">
     <span class='ocr_line' id='line_1_23' title="bbox 435 2145 3749 2244; baseline 0.001 -23"><span class='ocrx_word' id='word_1_283' title='bbox 435 2145 1337 2244; x_wconf 42' lang='grc' dir='ltr'><strong>φξιάιιηξξδί,οοηγθξιίαυινιιιρξάξε</strong></span> <span class='ocrx_word' id='word_1_284' title='bbox 1349 2150 1477 2244; x_wconf 59' lang='lat' dir='ltr'><strong>istos</strong></span> <span class='ocrx_word' id='word_1_285' title='bbox 1496 2152 1723 2207; x_wconf 80' lang='lat' dir='ltr'><strong>osculari</strong></span> <span class='ocrx_word' id='word_1_286' title='bbox 1748 2153 2029 2244; x_wconf 60' lang='lat' dir='ltr'><strong>praecepit.</strong></span> <span class='ocrx_word' id='word_1_287' title='bbox 2151 2145 2273 2240; x_wconf 77' lang='lat' dir='ltr'><strong>lege</strong></span> <span class='ocrx_word' id='word_1_288' title='bbox 2303 2168 2464 2224; x_wconf 87' lang='lat' dir='ltr'><strong>debet</strong></span> <span class='ocrx_word' id='word_1_289' title='bbox 2492 2185 2628 2237; x_wconf 85' lang='lat' dir='ltr'><strong>esse,</strong></span> <span class='ocrx_word' id='word_1_290' title='bbox 2653 2145 2772 2239; x_wconf 78' lang='lat' dir='ltr'><strong>jam</strong></span> <span class='ocrx_word' id='word_1_291' title='bbox 2802 2169 2998 2226; x_wconf 89' lang='lat' dir='ltr'><strong>veritas</strong></span> <span class='ocrx_word' id='word_1_292' title='bbox 3026 2145 3078 2226; x_wconf 79' lang='lat' dir='ltr'><strong>et</strong></span> <span class='ocrx_word' id='word_1_293' title='bbox 3115 2145 3324 2240; x_wconf 72' lang='lat' dir='ltr'><strong>iustitia</strong></span> <span class='ocrx_word' id='word_1_294' title='bbox 3369 2176 3610 2243; x_wconf 87' lang='lat' dir='ltr'><strong>apparet,</strong></span> <span class='ocrx_word' id='word_1_295' title='bbox 3655 2170 3749 2240; x_wconf 88' lang='lat' dir='ltr'><strong>qui</strong></span> 
     </span>
    </p>
   </div>
   <div class='ocr_carea' id='block_1_24' title="bbox 439 2235 2050 2334">
    <p class='ocr_par' dir='ltr' id='par_1_24' title="bbox 439 2235 2043 2313">
     <span class='ocr_line' id='line_1_24' title="bbox 439 2235 2043 2313; baseline 0.006 -25"><span class='ocrx_word' id='word_1_296' title='bbox 439 2235 802 2291; x_wconf 88' lang='lat' dir='ltr'><strong>ethumiliatis</strong></span> <span class='ocrx_word' id='word_1_297' title='bbox 830 2238 1102 2309; x_wconf 86' lang='lat' dir='ltr'><strong>tonsisque</strong></span> <span class='ocrx_word' id='word_1_298' title='bbox 1129 2238 1395 2310; x_wconf 87' lang='lat' dir='ltr'><strong>capitibus</strong></span> <span class='ocrx_word' id='word_1_299' title='bbox 1431 2240 1570 2296; x_wconf 85' lang='lat' dir='ltr'><strong>inter</strong></span> <span class='ocrx_word' id='word_1_300' title='bbox 1623 2257 1780 2297; x_wconf 92' lang='lat' dir='ltr'><strong>crura</strong></span> <span class='ocrx_word' id='word_1_301' title='bbox 1831 2242 2043 2313; x_wconf 89' lang='lat' dir='ltr'><strong>lapides</strong></span> 
     </span>
    </p>
   </div>
   <div class='ocr_carea' id='block_1_25' title="bbox 2160 2235 3751 2334">
    <p class='ocr_par' dir='ltr' id='par_1_25' title="bbox 2160 2235 3751 2328">
     <span class='ocr_line' id='line_1_25' title="bbox 2160 2235 3751 2328; baseline 0.001 -17"><span class='ocrx_word' id='word_1_302' title='bbox 2160 2235 2383 2313; x_wconf 71' lang='lat' dir='ltr'><strong>voluerit</strong></span> <span class='ocrx_word' id='word_1_303' title='bbox 2404 2264 2595 2328; x_wconf 91' lang='lat' dir='ltr'><strong>sponte</strong></span> <span class='ocrx_word' id='word_1_304' title='bbox 2614 2235 2712 2314; x_wconf 82' lang='lat' dir='ltr'><strong>sua</strong></span> <span class='ocrx_word' id='word_1_305' title='bbox 2759 2258 2961 2315; x_wconf 89' lang='lat' dir='ltr'><strong>credat.</strong></span> <span class='ocrx_word' id='word_1_306' title='bbox 3024 2235 3160 2314; x_wconf 80' lang='lat' dir='ltr'><strong>Item</strong></span> <span class='ocrx_word' id='word_1_307' title='bbox 3214 2259 3271 2313; x_wconf 93' lang='lat' dir='ltr'><strong>in</strong></span> <span class='ocrx_word' id='word_1_308' title='bbox 3323 2235 3604 2327; x_wconf 69' lang='lat' dir='ltr'><strong>Aleorano,</strong></span> <span class='ocrx_word' id='word_1_309' title='bbox 3649 2235 3751 2315; x_wconf 64' lang='lat' dir='ltr'><strong>vos</strong></span> 
     </span>
    </p>
   </div>
   <div class='ocr_carea' id='block_1_26' title="bbox 438 2326 2050 2426">
    <p class='ocr_par' dir='ltr' id='par_1_26' title="bbox 438 2326 2033 2398">
     <span class='ocr_line' id='line_1_26' title="bbox 438 2326 2033 2398; baseline 0.004 -20"><span class='ocrx_word' id='word_1_310' title='bbox 438 2331 579 2379; x_wconf 88' lang='lat' dir='ltr'><strong>retro</strong></span> <span class='ocrx_word' id='word_1_311' title='bbox 602 2326 827 2394; x_wconf 88' lang='lat' dir='ltr'><strong>jactare,</strong></span> <span class='ocrx_word' id='word_1_312' title='bbox 868 2326 960 2396; x_wconf 89' lang='lat' dir='ltr'><strong>qui</strong></span> <span class='ocrx_word' id='word_1_313' title='bbox 1014 2327 1358 2389; x_wconf 87' lang='lat' dir='ltr'><strong>humiliantes</strong></span> <span class='ocrx_word' id='word_1_314' title='bbox 1414 2346 1472 2384; x_wconf 93' lang='lat' dir='ltr'><strong>se</strong></span> <span class='ocrx_word' id='word_1_315' title='bbox 1530 2329 1690 2386; x_wconf 82' lang='lat' dir='ltr'><strong>dorsa</strong></span> <span class='ocrx_word' id='word_1_316' title='bbox 1736 2330 2033 2398; x_wconf 89' lang='lat' dir='ltr'><strong>denudant,</strong></span> 
     </span>
    </p>
   </div>
   <div class='ocr_carea' id='block_1_27' title="bbox 2160 2326 3746 2426">
    <p class='ocr_par' dir='ltr' id='par_1_27' title="bbox 2160 2326 3746 2418">
     <span class='ocr_line' id='line_1_27' title="bbox 2160 2326 3746 2418; baseline 0.001 -18"><span class='ocrx_word' id='word_1_317' title='bbox 2160 2344 2411 2401; x_wconf 75' lang='lat' dir='ltr'><strong>increduli</strong></span> <span class='ocrx_word' id='word_1_318' title='bbox 2434 2326 2547 2402; x_wconf 80' lang='lat' dir='ltr'><strong>non</strong></span> <span class='ocrx_word' id='word_1_319' title='bbox 2578 2346 2721 2417; x_wconf 91' lang='lat' dir='ltr'><strong>quod</strong></span> <span class='ocrx_word' id='word_1_320' title='bbox 2751 2347 2915 2403; x_wconf 89' lang='lat' dir='ltr'><strong>oratis</strong></span> <span class='ocrx_word' id='word_1_321' title='bbox 2935 2362 3048 2415; x_wconf 92' lang='lat' dir='ltr'><strong>oro,</strong></span> <span class='ocrx_word' id='word_1_322' title='bbox 3078 2363 3179 2403; x_wconf 90' lang='lat' dir='ltr'><strong>nec</strong></span> <span class='ocrx_word' id='word_1_323' title='bbox 3214 2362 3373 2418; x_wconf 91' lang='lat' dir='ltr'><strong>quem</strong></span> <span class='ocrx_word' id='word_1_324' title='bbox 3416 2362 3509 2403; x_wconf 90' lang='lat' dir='ltr'><strong>oro</strong></span> <span class='ocrx_word' id='word_1_325' title='bbox 3556 2326 3746 2412; x_wconf 84' lang='lat' dir='ltr'><strong>oratis,</strong></span> 
     </span>
    </p>
   </div>
   <div class='ocr_carea' id='block_1_28' title="bbox 438 2412 2050 2512">
    <p class='ocr_par' dir='ltr' id='par_1_28' title="bbox 438 2412 2032 2512">
     <span class='ocr_line' id='line_1_28' title="bbox 438 2412 2032 2512; baseline 0.006 -46"><span class='ocrx_word' id='word_1_326' title='bbox 438 2412 584 2511; x_wconf 80' lang='lat' dir='ltr'><strong>quod</strong></span> <span class='ocrx_word' id='word_1_327' title='bbox 611 2420 692 2467; x_wconf 87' lang='lat' dir='ltr'><strong>est</strong></span> <span class='ocrx_word' id='word_1_328' title='bbox 716 2414 932 2512; x_wconf 78' lang='lat' dir='ltr'><strong>signum</strong></span> <span class='ocrx_word' id='word_1_329' title='bbox 961 2415 1099 2488; x_wconf 83' lang='lat' dir='ltr'><strong>legis</strong></span> <span class='ocrx_word' id='word_1_330' title='bbox 1126 2416 1383 2486; x_wconf 63' lang='lat' dir='ltr'><strong>pristina.</strong></span> <span class='ocrx_word' id='word_1_331' title='bbox 1434 2418 1536 2473; x_wconf 89' lang='lat' dir='ltr'><strong>Dic</strong></span> <span class='ocrx_word' id='word_1_332' title='bbox 1590 2434 1745 2491; x_wconf 84' lang='lat' dir='ltr'><strong>ergo,</strong></span> <span class='ocrx_word' id='word_1_333' title='bbox 1803 2421 2032 2491; x_wconf 81' lang='lat' dir='ltr'><strong>Moyses,</strong></span> 
     </span>
    </p>
   </div>
   <div class='ocr_carea' id='block_1_29' title="bbox 2160 2412 3751 2512">
    <p class='ocr_par' dir='ltr' id='par_1_29' title="bbox 2160 2412 3751 2507">
     <span class='ocr_line' id='line_1_29' title="bbox 2160 2412 3751 2507; baseline -0.001 -16"><span class='ocrx_word' id='word_1_334' title='bbox 2160 2444 2202 2491; x_wconf 75' lang='lat' dir='ltr'><strong>et</strong></span> <span class='ocrx_word' id='word_1_335' title='bbox 2232 2451 2392 2506; x_wconf 90' lang='lat' dir='ltr'><strong>quem</strong></span> <span class='ocrx_word' id='word_1_336' title='bbox 2423 2412 2658 2493; x_wconf 72' lang='lat' dir='ltr'><strong>adoratis</strong></span> <span class='ocrx_word' id='word_1_337' title='bbox 2686 2452 2795 2492; x_wconf 91' lang='lat' dir='ltr'><strong>non</strong></span> <span class='ocrx_word' id='word_1_338' title='bbox 2823 2437 3010 2507; x_wconf 90' lang='lat' dir='ltr'><strong>adoro,</strong></span> <span class='ocrx_word' id='word_1_339' title='bbox 3035 2412 3168 2492; x_wconf 83' lang='lat' dir='ltr'><strong>mihi</strong></span> <span class='ocrx_word' id='word_1_340' title='bbox 3198 2412 3305 2505; x_wconf 74' lang='lat' dir='ltr'><strong>lex,</strong></span> <span class='ocrx_word' id='word_1_341' title='bbox 3356 2443 3409 2491; x_wconf 92' lang='lat' dir='ltr'><strong>et</strong></span> <span class='ocrx_word' id='word_1_342' title='bbox 3453 2435 3608 2493; x_wconf 88' lang='lat' dir='ltr'><strong>vobis</strong></span> <span class='ocrx_word' id='word_1_343' title='bbox 3658 2435 3751 2490; x_wconf 76' lang='lat' dir='ltr'><strong>lex</strong></span> 
     </span>
    </p>
   </div>
   <div class='ocr_carea' id='block_1_30' title="bbox 440 2506 3743 2583">
    <p class='ocr_par' dir='ltr' id='par_1_30' title="bbox 440 2506 3743 2583">
     <span class='ocr_line' id='line_1_30' title="bbox 440 2506 3743 2583; baseline 0.002 -12"><span class='ocrx_word' id='word_1_344' title='bbox 440 2506 857 2571; x_wconf 70' lang='grc' dir='ltr'><strong>φωίηιεηιίοηο</strong></span> <span class='ocrx_word' id='word_1_345' title='bbox 887 2506 987 2559; x_wconf 69' lang='lat' dir='ltr'><strong>ista</strong></span> <span class='ocrx_word' id='word_1_346' title='bbox 1016 2506 1291 2576; x_wconf 72' lang='lat' dir='ltr'><strong>praecepit.</strong></span> <span class='ocrx_word' id='word_1_347' title='bbox 1325 2506 1427 2561; x_wconf 82' lang='lat' dir='ltr'><strong>nisi</strong></span> <span class='ocrx_word' id='word_1_348' title='bbox 1464 2523 1525 2562; x_wconf 85' lang='lat' dir='ltr'><strong>ea</strong></span> <span class='ocrx_word' id='word_1_349' title='bbox 1555 2523 1662 2577; x_wconf 79' lang='lat' dir='ltr'><strong>qua</strong></span> <span class='ocrx_word' id='word_1_350' title='bbox 1690 2507 1863 2562; x_wconf 78' lang='lat' dir='ltr'><strong>dico?</strong></span> <span class='ocrx_word' id='word_1_351' title='bbox 2152 2525 2381 2582; x_wconf 89' lang='lat' dir='ltr'><strong>discors.</strong></span> <span class='ocrx_word' id='word_1_352' title='bbox 2424 2526 2489 2580; x_wconf 88' lang='lat' dir='ltr'><strong>Et</strong></span> <span class='ocrx_word' id='word_1_353' title='bbox 2518 2525 2572 2580; x_wconf 92' lang='lat' dir='ltr'><strong>in</strong></span> <span class='ocrx_word' id='word_1_354' title='bbox 2610 2525 2718 2582; x_wconf 90' lang='lat' dir='ltr'><strong>alio</strong></span> <span class='ocrx_word' id='word_1_355' title='bbox 2771 2527 2890 2583; x_wconf 92' lang='lat' dir='ltr'><strong>loco</strong></span> <span class='ocrx_word' id='word_1_356' title='bbox 2947 2506 3065 2582; x_wconf 86' lang='lat' dir='ltr'><strong>ait:</strong></span> <span class='ocrx_word' id='word_1_357' title='bbox 3122 2526 3248 2582; x_wconf 89' lang='lat' dir='ltr'><strong>Non</strong></span> <span class='ocrx_word' id='word_1_358' title='bbox 3298 2524 3566 2580; x_wconf 88' lang='lat' dir='ltr'><strong>altercetis</strong></span> <span class='ocrx_word' id='word_1_359' title='bbox 3618 2541 3743 2579; x_wconf 90' lang='lat' dir='ltr'><strong>cum</strong></span> 
     </span>
    </p>
   </div>
   <div class='ocr_carea' id='block_1_31' title="bbox 508 2612 3747 2693">
    <p class='ocr_par' dir='ltr' id='par_1_31' title="bbox 508 2612 3747 2693">
     <span class='ocr_line' id='line_1_31' title="bbox 508 2612 3747 2693; baseline -0.001 -22"><span class='ocrx_word' id='word_1_360' title='bbox 508 2616 759 2672; x_wconf 75' lang='lat' dir='ltr'><strong>Movsas.</strong></span> <span class='ocrx_word' id='word_1_361' title='bbox 792 2617 917 2672; x_wconf 82' lang='lat' dir='ltr'><strong>Dixi</strong></span> <span class='ocrx_word' id='word_1_362' title='bbox 937 2618 1033 2674; x_wconf 82' lang='lat' dir='ltr'><strong>tibi</strong></span> <span class='ocrx_word' id='word_1_363' title='bbox 1062 2619 1414 2677; x_wconf 82' lang='lat' dir='ltr'><strong>intentionem</strong></span> <span class='ocrx_word' id='word_1_364' title='bbox 1470 2638 1558 2678; x_wconf 83' lang='lat' dir='ltr'><strong>me</strong></span> <span class='ocrx_word' id='word_1_365' title='bbox 1614 2623 1839 2691; x_wconf 69' lang='lat' dir='ltr'><strong>nescire,</strong></span> <span class='ocrx_word' id='word_1_366' title='bbox 1918 2623 2045 2693; x_wconf 71' lang='lat' dir='ltr'><strong>quia</strong></span> <span class='ocrx_word' id='word_1_367' title='bbox 2150 2614 2369 2670; x_wconf 88' lang='lat' dir='ltr'><strong>alterius</strong></span> <span class='ocrx_word' id='word_1_368' title='bbox 2396 2614 2533 2688; x_wconf 85' lang='lat' dir='ltr'><strong>legis</strong></span> <span class='ocrx_word' id='word_1_369' title='bbox 2558 2615 2830 2688; x_wconf 84' lang='lat' dir='ltr'><strong>gentibus,</strong></span> <span class='ocrx_word' id='word_1_370' title='bbox 2862 2614 2964 2670; x_wconf 92' lang='lat' dir='ltr'><strong>nisi</strong></span> <span class='ocrx_word' id='word_1_371' title='bbox 3007 2614 3261 2671; x_wconf 89' lang='lat' dir='ltr'><strong>mollibus</strong></span> <span class='ocrx_word' id='word_1_372' title='bbox 3306 2613 3507 2671; x_wconf 90' lang='lat' dir='ltr'><strong>verbis.</strong></span> <span class='ocrx_word' id='word_1_373' title='bbox 3564 2612 3747 2683; x_wconf 83' lang='lat' dir='ltr'><strong>Quare</strong></span> 
     </span>
    </p>
   </div>
   <div class='ocr_carea' id='block_1_32' title="bbox 440 2700 3743 2778">
    <p class='ocr_par' dir='ltr' id='par_1_32' title="bbox 440 2700 3743 2778">
     <span class='ocr_line' id='line_1_32' title="bbox 440 2700 3743 2778; baseline 0.001 -24"><span class='ocrx_word' id='word_1_374' title='bbox 440 2716 705 2770; x_wconf 87' lang='lat' dir='ltr'><strong>nusquam</strong></span> <span class='ocrx_word' id='word_1_375' title='bbox 735 2701 910 2772; x_wconf 89' lang='lat' dir='ltr'><strong>reperi</strong></span> <span class='ocrx_word' id='word_1_376' title='bbox 940 2703 1218 2775; x_wconf 89' lang='lat' dir='ltr'><strong>scriptum,</strong></span> <span class='ocrx_word' id='word_1_377' title='bbox 1251 2721 1417 2760; x_wconf 91' lang='lat' dir='ltr'><strong>unum</strong></span> <span class='ocrx_word' id='word_1_378' title='bbox 1450 2712 1631 2762; x_wconf 89' lang='lat' dir='ltr'><strong>tamen</strong></span> <span class='ocrx_word' id='word_1_379' title='bbox 1658 2705 1725 2761; x_wconf 90' lang='lat' dir='ltr'><strong>de</strong></span> <span class='ocrx_word' id='word_1_380' title='bbox 1770 2705 2041 2778; x_wconf 91' lang='lat' dir='ltr'><strong>lapidibus</strong></span> <span class='ocrx_word' id='word_1_381' title='bbox 2152 2719 2283 2777; x_wconf 88' lang='lat' dir='ltr'><strong>ergo</strong></span> <span class='ocrx_word' id='word_1_382' title='bbox 2313 2702 2564 2775; x_wconf 65' lang='lat' dir='ltr'><strong>prmdari,</strong></span> <span class='ocrx_word' id='word_1_383' title='bbox 2604 2704 2897 2776; x_wconf 89' lang='lat' dir='ltr'><strong>captivare,</strong></span> <span class='ocrx_word' id='word_1_384' title='bbox 2957 2711 3011 2760; x_wconf 91' lang='lat' dir='ltr'><strong>et</strong></span> <span class='ocrx_word' id='word_1_385' title='bbox 3062 2710 3253 2777; x_wconf 78' lang='lat' dir='ltr'><strong>gentes</strong></span> <span class='ocrx_word' id='word_1_386' title='bbox 3303 2703 3356 2759; x_wconf 89' lang='lat' dir='ltr'><strong>vi</strong></span> <span class='ocrx_word' id='word_1_387' title='bbox 3422 2717 3614 2775; x_wconf 86' lang='lat' dir='ltr'><strong>cogere</strong></span> <span class='ocrx_word' id='word_1_388' title='bbox 3675 2700 3743 2757; x_wconf 90' lang='lat' dir='ltr'><strong>ad</strong></span> 
     </span>
    </p>
   </div>
   <div class='ocr_carea' id='block_1_33' title="bbox 436 2788 3740 2867">
    <p class='ocr_par' dir='ltr' id='par_1_33' title="bbox 436 2788 3740 2867">
     <span class='ocr_line' id='line_1_33' title="bbox 436 2788 3740 2867; baseline 0 -22"><span class='ocrx_word' id='word_1_389' title='bbox 436 2788 703 2859; x_wconf 87' lang='lat' dir='ltr'><strong>jaciendis</strong></span> <span class='ocrx_word' id='word_1_390' title='bbox 728 2791 856 2861; x_wconf 87' lang='lat' dir='ltr'><strong>scio,</strong></span> <span class='ocrx_word' id='word_1_391' title='bbox 889 2792 1016 2862; x_wconf 88' lang='lat' dir='ltr'><strong>quia</strong></span> <span class='ocrx_word' id='word_1_392' title='bbox 1045 2793 1114 2847; x_wconf 90' lang='lat' dir='ltr'><strong>ad</strong></span> <span class='ocrx_word' id='word_1_393' title='bbox 1142 2792 1490 2867; x_wconf 79' lang='lat' dir='ltr'><strong>eti&#39;ugandum</strong></span> <span class='ocrx_word' id='word_1_394' title='bbox 1519 2794 1797 2852; x_wconf 64' lang='lat' dir='ltr'><strong>damones</strong></span> <span class='ocrx_word' id='word_1_395' title='bbox 1825 2795 1927 2850; x_wconf 90' lang='lat' dir='ltr'><strong>ista</strong></span> <span class='ocrx_word' id='word_1_396' title='bbox 1985 2811 2045 2853; x_wconf 91' lang='lat' dir='ltr'><strong>se</strong></span> <span class='ocrx_word' id='word_1_397' title='bbox 2150 2792 2479 2849; x_wconf 90' lang='lat' dir='ltr'><strong>credendum</strong></span> <span class='ocrx_word' id='word_1_398' title='bbox 2502 2793 2679 2864; x_wconf 90' lang='lat' dir='ltr'><strong>jussit,</strong></span> <span class='ocrx_word' id='word_1_399' title='bbox 2710 2800 2763 2847; x_wconf 89' lang='lat' dir='ltr'><strong>et</strong></span> <span class='ocrx_word' id='word_1_400' title='bbox 2790 2795 2906 2849; x_wconf 71' lang='lat' dir='ltr'><strong>haec</strong></span> <span class='ocrx_word' id='word_1_401' title='bbox 2960 2793 3144 2849; x_wconf 89' lang='lat' dir='ltr'><strong>omnia</strong></span> <span class='ocrx_word' id='word_1_402' title='bbox 3197 2792 3414 2848; x_wconf 88' lang='lat' dir='ltr'><strong>semitas</strong></span> <span class='ocrx_word' id='word_1_403' title='bbox 3469 2791 3566 2847; x_wconf 89' lang='lat' dir='ltr'><strong>Dei</strong></span> <span class='ocrx_word' id='word_1_404' title='bbox 3621 2806 3740 2846; x_wconf 88' lang='lat' dir='ltr'><strong>esse</strong></span> 
     </span>
    </p>
   </div>
   <div class='ocr_carea' id='block_1_34' title="bbox 442 2877 3747 2956">
    <p class='ocr_par' dir='ltr' id='par_1_34' title="bbox 442 2877 3747 2956">
     <span class='ocr_line' id='line_1_34' title="bbox 442 2877 3747 2956; baseline 0.001 -24"><span class='ocrx_word' id='word_1_405' title='bbox 442 2877 628 2934; x_wconf 89' lang='lat' dir='ltr'><strong>dicunt</strong></span> <span class='ocrx_word' id='word_1_406' title='bbox 654 2877 856 2935; x_wconf 90' lang='lat' dir='ltr'><strong>facere.</strong></span> <span class='ocrx_word' id='word_1_407' title='bbox 895 2883 958 2936; x_wconf 87' lang='lat' dir='ltr'><strong>In</strong></span> <span class='ocrx_word' id='word_1_408' title='bbox 986 2881 1139 2937; x_wconf 91' lang='lat' dir='ltr'><strong>libris</strong></span> <span class='ocrx_word' id='word_1_409' title='bbox 1166 2882 1380 2939; x_wconf 92' lang='lat' dir='ltr'><strong>illorum</strong></span> <span class='ocrx_word' id='word_1_410' title='bbox 1436 2884 1693 2955; x_wconf 90' lang='lat' dir='ltr'><strong>scriptum</strong></span> <span class='ocrx_word' id='word_1_411' title='bbox 1743 2884 1855 2941; x_wconf 92' lang='lat' dir='ltr'><strong>vidi</strong></span> <span class='ocrx_word' id='word_1_412' title='bbox 1913 2884 2042 2956; x_wconf 90' lang='lat' dir='ltr'><strong>quia</strong></span> <span class='ocrx_word' id='word_1_413' title='bbox 2153 2882 2394 2938; x_wconf 77' lang='lat' dir='ltr'><strong>fatetur?</strong></span> <span class='ocrx_word' id='word_1_414' title='bbox 2421 2882 2521 2938; x_wconf 92' lang='lat' dir='ltr'><strong>Dic</strong></span> <span class='ocrx_word' id='word_1_415' title='bbox 2550 2882 2703 2949; x_wconf 85' lang='lat' dir='ltr'><strong>mihi,</strong></span> <span class='ocrx_word' id='word_1_416' title='bbox 2736 2883 2963 2955; x_wconf 84' lang='lat' dir='ltr'><strong>Moyses,</strong></span> <span class='ocrx_word' id='word_1_417' title='bbox 2986 2882 3165 2954; x_wconf 88' lang='lat' dir='ltr'><strong>legem</strong></span> <span class='ocrx_word' id='word_1_418' title='bbox 3195 2897 3315 2953; x_wconf 67' lang='lat' dir='ltr'><strong>quae</strong></span> <span class='ocrx_word' id='word_1_419' title='bbox 3354 2896 3534 2937; x_wconf 89' lang='lat' dir='ltr'><strong>secum</strong></span> <span class='ocrx_word' id='word_1_420' title='bbox 3586 2878 3747 2934; x_wconf 81' lang='lat' dir='ltr'><strong>dissi-</strong></span> 
     </span>
    </p>
   </div>
   <div class='ocr_carea' id='block_1_35' title="bbox 443 2968 3081 3044">
    <p class='ocr_par' dir='ltr' id='par_1_35' title="bbox 443 2968 3081 3044">
     <span class='ocr_line' id='line_1_35' title="bbox 443 2968 3081 3044; baseline 0 -20"><span class='ocrx_word' id='word_1_421' title='bbox 443 2968 641 3024; x_wconf 85' lang='lat' dir='ltr'><strong>Bomar</strong></span> <span class='ocrx_word' id='word_1_422' title='bbox 667 2968 884 3039; x_wconf 89' lang='lat' dir='ltr'><strong>quidam</strong></span> <span class='ocrx_word' id='word_1_423' title='bbox 916 2987 985 3025; x_wconf 83' lang='lat' dir='ltr'><strong>ex</strong></span> <span class='ocrx_word' id='word_1_424' title='bbox 1041 2971 1228 3027; x_wconf 91' lang='lat' dir='ltr'><strong>decem</strong></span> <span class='ocrx_word' id='word_1_425' title='bbox 1283 2973 1444 3029; x_wconf 90' lang='lat' dir='ltr'><strong>sociis</strong></span> <span class='ocrx_word' id='word_1_426' title='bbox 1497 2974 1826 3029; x_wconf 85' lang='lat' dir='ltr'><strong>Mahomethi</strong></span> <span class='ocrx_word' id='word_1_427' title='bbox 1884 2990 2037 3029; x_wconf 89' lang='lat' dir='ltr'><strong>more</strong></span> <span class='ocrx_word' id='word_1_428' title='bbox 2152 2971 2262 3041; x_wconf 86' lang='lat' dir='ltr'><strong>det,</strong></span> <span class='ocrx_word' id='word_1_429' title='bbox 2295 2985 2459 3041; x_wconf 90' lang='lat' dir='ltr'><strong>quare</strong></span> <span class='ocrx_word' id='word_1_430' title='bbox 2489 2986 2621 3044; x_wconf 86' lang='lat' dir='ltr'><strong>ergo</strong></span> <span class='ocrx_word' id='word_1_431' title='bbox 2651 2970 2868 3027; x_wconf 89' lang='lat' dir='ltr'><strong>credere</strong></span> <span class='ocrx_word' id='word_1_432' title='bbox 2892 2969 3081 3041; x_wconf 90' lang='lat' dir='ltr'><strong>jubes.</strong></span> 
     </span>
    </p>
   </div>
   <div class='ocr_carea' id='block_1_36' title="bbox 441 3056 2041 3131">
    <p class='ocr_par' dir='ltr' id='par_1_36' title="bbox 441 3056 2041 3131">
     <span class='ocr_line' id='line_1_36' title="bbox 441 3056 2041 3131; baseline 0.003 -18"><span class='ocrx_word' id='word_1_433' title='bbox 441 3056 598 3113; x_wconf 89' lang='lat' dir='ltr'><strong>solito</strong></span> <span class='ocrx_word' id='word_1_434' title='bbox 626 3057 833 3130; x_wconf 89' lang='lat' dir='ltr'><strong>lapides</strong></span> <span class='ocrx_word' id='word_1_435' title='bbox 859 3058 1176 3116; x_wconf 88' lang='lat' dir='ltr'><strong>deosculans</strong></span> <span class='ocrx_word' id='word_1_436' title='bbox 1207 3061 1283 3118; x_wconf 91' lang='lat' dir='ltr'><strong>sic</strong></span> <span class='ocrx_word' id='word_1_437' title='bbox 1313 3078 1534 3118; x_wconf 85' lang='lat' dir='ltr'><strong>exorsus</strong></span> <span class='ocrx_word' id='word_1_438' title='bbox 1562 3069 1661 3117; x_wconf 91' lang='lat' dir='ltr'><strong>est.</strong></span> <span class='ocrx_word' id='word_1_439' title='bbox 1715 3063 1900 3131; x_wconf 84' lang='lat' dir='ltr'><strong>Vobis,</strong></span> <span class='ocrx_word' id='word_1_440' title='bbox 1950 3063 2041 3117; x_wconf 91' lang='lat' dir='ltr'><strong>in-</strong></span> 
     </span>
    </p>
   </div>
   <div class='ocr_carea' id='block_1_37' title="bbox 446 3145 2030 3220">
    <p class='ocr_par' dir='ltr' id='par_1_37' title="bbox 446 3145 2030 3220">
     <span class='ocr_line' id='line_1_37' title="bbox 446 3145 2030 3220; baseline 0.005 -21"><span class='ocrx_word' id='word_1_441' title='bbox 446 3145 578 3215; x_wconf 88' lang='lat' dir='ltr'><strong>quit,</strong></span> <span class='ocrx_word' id='word_1_442' title='bbox 610 3145 883 3217; x_wconf 89' lang='lat' dir='ltr'><strong>lapidibus</strong></span> <span class='ocrx_word' id='word_1_443' title='bbox 909 3147 1051 3215; x_wconf 92' lang='lat' dir='ltr'><strong>dico,</strong></span> <span class='ocrx_word' id='word_1_444' title='bbox 1084 3148 1229 3219; x_wconf 94' lang='lat' dir='ltr'><strong>quod</strong></span> <span class='ocrx_word' id='word_1_445' title='bbox 1277 3166 1376 3206; x_wconf 91' lang='lat' dir='ltr'><strong>nec</strong></span> <span class='ocrx_word' id='word_1_446' title='bbox 1403 3150 1663 3220; x_wconf 89' lang='lat' dir='ltr'><strong>adjuvare</strong></span> <span class='ocrx_word' id='word_1_447' title='bbox 1690 3166 1789 3205; x_wconf 87' lang='lat' dir='ltr'><strong>nec</strong></span> <span class='ocrx_word' id='word_1_448' title='bbox 1831 3165 2030 3207; x_wconf 85' lang='lat' dir='ltr'><strong>nocere</strong></span> 
     </span>
    </p>
   </div>
   <div class='ocr_carea' id='block_1_38' title="bbox 444 3234 3619 3341">
    <p class='ocr_par' dir='ltr' id='par_1_38' title="bbox 444 3234 3619 3341">
     <span class='ocr_line' id='line_1_38' title="bbox 444 3234 3619 3341; baseline 0.012 -54"><span class='ocrx_word' id='word_1_449' title='bbox 444 3234 665 3305; x_wconf 88' lang='lat' dir='ltr'><strong>potestis</strong></span> <span class='ocrx_word' id='word_1_450' title='bbox 715 3235 848 3303; x_wconf 91' lang='lat' dir='ltr'><strong>scio,</strong></span> <span class='ocrx_word' id='word_1_451' title='bbox 906 3236 1020 3305; x_wconf 92' lang='lat' dir='ltr'><strong>sed,</strong></span> <span class='ocrx_word' id='word_1_452' title='bbox 1079 3237 1206 3308; x_wconf 90' lang='lat' dir='ltr'><strong>quia</strong></span> <span class='ocrx_word' id='word_1_453' title='bbox 1254 3239 1632 3295; x_wconf 88' lang='lat' dir='ltr'><strong>Mahomethus</strong></span> <span class='ocrx_word' id='word_1_454' title='bbox 1690 3237 1841 3307; x_wconf 83' lang='lat' dir='ltr'><strong>fecit,</strong></span> <span class='ocrx_word' id='word_1_455' title='bbox 1893 3239 2036 3294; x_wconf 92' lang='lat' dir='ltr'><strong>illius</strong></span> <span class='ocrx_word' id='word_1_456' title='bbox 2983 3325 3144 3341; x_wconf 51' lang='lat' dir='ltr'><strong>mm“</strong></span> <span class='ocrx_word' id='word_1_457' title='bbox 3176 3310 3477 3341; x_wconf 38' lang='lat' dir='ltr'><strong>&quot;Annam</strong></span> <span class='ocrx_word' id='word_1_458' title='bbox 3524 3307 3619 3341; x_wconf 54' lang='grc' dir='ltr'>ως</span> 
     </span>
    </p>
   </div>
   <div class='ocr_carea' id='block_1_39' title="bbox 444 3310 3747 3395">
    <p class='ocr_par' dir='ltr' id='par_1_39' title="bbox 444 3310 3747 3395">
     <span class='ocr_line' id='line_1_39' title="bbox 444 3310 3747 3395; baseline -0.005 -17"><span class='ocrx_word' id='word_1_459' title='bbox 444 3337 653 3379; x_wconf 90' lang='lat' dir='ltr'><strong>morem</strong></span> <span class='ocrx_word' id='word_1_460' title='bbox 681 3338 970 3395; x_wconf 83' lang='lat' dir='ltr'><strong>exsequor.</strong></span> <span class='ocrx_word' id='word_1_461' title='bbox 2073 3310 2125 3341; x_wconf 72' lang='grc' dir='ltr'>υ</span> <span class='ocrx_word' id='word_1_462' title='bbox 2231 3312 2464 3368; x_wconf 72' lang='lat' dir='ltr'><strong>Parens.</strong></span> <span class='ocrx_word' id='word_1_463' title='bbox 2520 3311 2819 3369; x_wconf 82' lang='lat' dir='ltr'><strong>Alcoranus</strong></span> <span class='ocrx_word' id='word_1_464' title='bbox 2847 3326 2955 3367; x_wconf 92' lang='lat' dir='ltr'><strong>non</strong></span> <span class='ocrx_word' id='word_1_465' title='bbox 2983 3325 3149 3366; x_wconf 90' lang='lat' dir='ltr'><strong>manu</strong></span> <span class='ocrx_word' id='word_1_466' title='bbox 3175 3310 3479 3366; x_wconf 75' lang='lat' dir='ltr'><strong>Mahometli</strong></span> <span class='ocrx_word' id='word_1_467' title='bbox 3522 3310 3747 3380; x_wconf 88' lang='lat' dir='ltr'><strong>scriptus</strong></span> 
     </span>
    </p>
   </div>
   <div class='ocr_carea' id='block_1_40' title="bbox 2159 3398 3734 3469">
    <p class='ocr_par' dir='ltr' id='par_1_40' title="bbox 2159 3398 3734 3469">
     <span class='ocr_line' id='line_1_40' title="bbox 2159 3398 3734 3469; baseline -0.003 -13"><span class='ocrx_word' id='word_1_468' title='bbox 2159 3408 2256 3469; x_wconf 89' lang='lat' dir='ltr'><strong>est,</strong></span> <span class='ocrx_word' id='word_1_469' title='bbox 2285 3400 2330 3456; x_wconf 91' lang='lat' dir='ltr'><strong>si</strong></span> <span class='ocrx_word' id='word_1_470' title='bbox 2360 3400 2505 3457; x_wconf 91' lang='lat' dir='ltr'><strong>enim</strong></span> <span class='ocrx_word' id='word_1_471' title='bbox 2526 3403 2628 3457; x_wconf 89' lang='lat' dir='ltr'><strong>hoc</strong></span> <span class='ocrx_word' id='word_1_472' title='bbox 2657 3401 2860 3457; x_wconf 86' lang='lat' dir='ltr'><strong>faceret</strong></span> <span class='ocrx_word' id='word_1_473' title='bbox 2887 3399 3160 3456; x_wconf 89' lang='lat' dir='ltr'><strong>ordinatus</strong></span> <span class='ocrx_word' id='word_1_474' title='bbox 3188 3406 3346 3455; x_wconf 87' lang='lat' dir='ltr'><strong>esset.</strong></span> <span class='ocrx_word' id='word_1_475' title='bbox 3403 3398 3531 3453; x_wconf 91' lang='lat' dir='ltr'><strong>Post</strong></span> <span class='ocrx_word' id='word_1_476' title='bbox 3585 3411 3734 3452; x_wconf 90' lang='lat' dir='ltr'><strong>mor-</strong></span> 
     </span>
    </p>
   </div>
   <div class='ocr_carea' id='block_1_41' title="bbox 2159 3485 3742 3562">
    <p class='ocr_par' dir='ltr' id='par_1_41' title="bbox 2159 3485 3742 3562">
     <span class='ocr_line' id='line_1_41' title="bbox 2159 3485 3742 3562; baseline -0.003 -16"><span class='ocrx_word' id='word_1_477' title='bbox 2159 3497 2267 3546; x_wconf 88' lang='lat' dir='ltr'><strong>tem</strong></span> <span class='ocrx_word' id='word_1_478' title='bbox 2292 3505 2424 3547; x_wconf 88' lang='lat' dir='ltr'><strong>vero</strong></span> <span class='ocrx_word' id='word_1_479' title='bbox 2451 3490 2638 3562; x_wconf 89' lang='lat' dir='ltr'><strong>ipsius,</strong></span> <span class='ocrx_word' id='word_1_480' title='bbox 2669 3489 2803 3546; x_wconf 88' lang='lat' dir='ltr'><strong>socii</strong></span> <span class='ocrx_word' id='word_1_481' title='bbox 2832 3488 2951 3559; x_wconf 89' lang='lat' dir='ltr'><strong>ejus</strong></span> <span class='ocrx_word' id='word_1_482' title='bbox 3006 3488 3097 3560; x_wconf 89' lang='lat' dir='ltr'><strong>qui</strong></span> <span class='ocrx_word' id='word_1_483' title='bbox 3150 3503 3332 3545; x_wconf 88' lang='lat' dir='ltr'><strong>secum</strong></span> <span class='ocrx_word' id='word_1_484' title='bbox 3383 3485 3574 3543; x_wconf 87' lang='lat' dir='ltr'><strong>morati</strong></span> <span class='ocrx_word' id='word_1_485' title='bbox 3629 3486 3742 3541; x_wconf 90' lang='lat' dir='ltr'><strong>fue-</strong></span> 
     </span>
    </p>
   </div>
   <div class='ocr_carea' id='block_1_42' title="bbox 2157 3577 3741 3651">
    <p class='ocr_par' dir='ltr' id='par_1_42' title="bbox 2157 3577 3741 3651">
     <span class='ocr_line' id='line_1_42' title="bbox 2157 3577 3741 3651; baseline -0.003 -16"><span class='ocrx_word' id='word_1_486' title='bbox 2157 3587 2296 3646; x_wconf 90' lang='lat' dir='ltr'><strong>rant,</strong></span> <span class='ocrx_word' id='word_1_487' title='bbox 2330 3579 2576 3651; x_wconf 89' lang='lat' dir='ltr'><strong>quisque,</strong></span> <span class='ocrx_word' id='word_1_488' title='bbox 2608 3586 2668 3636; x_wconf 88' lang='lat' dir='ltr'><strong>ut</strong></span> <span class='ocrx_word' id='word_1_489' title='bbox 2720 3579 2795 3635; x_wconf 90' lang='lat' dir='ltr'><strong>ita</strong></span> <span class='ocrx_word' id='word_1_490' title='bbox 2846 3578 3047 3647; x_wconf 90' lang='lat' dir='ltr'><strong>dicam,</strong></span> <span class='ocrx_word' id='word_1_491' title='bbox 3109 3577 3394 3634; x_wconf 89' lang='lat' dir='ltr'><strong>lectionem</strong></span> <span class='ocrx_word' id='word_1_492' title='bbox 3442 3590 3593 3631; x_wconf 86' lang='lat' dir='ltr'><strong>suam</strong></span> <span class='ocrx_word' id='word_1_493' title='bbox 3648 3590 3741 3630; x_wconf 88' lang='lat' dir='ltr'><strong>re-</strong></span> 
     </span>
    </p>
   </div>
   <div class='ocr_carea' id='block_1_43' title="bbox 2158 3662 3741 3739">
    <p class='ocr_par' dir='ltr' id='par_1_43' title="bbox 2158 3662 3741 3739">
     <span class='ocr_line' id='line_1_43' title="bbox 2158 3662 3741 3739; baseline -0.004 -15"><span class='ocrx_word' id='word_1_494' title='bbox 2158 3668 2428 3737; x_wconf 86' lang='lat' dir='ltr'><strong>nuntians,</strong></span> <span class='ocrx_word' id='word_1_495' title='bbox 2458 3669 2782 3724; x_wconf 82' lang='lat' dir='ltr'><strong>Alcoranum</strong></span> <span class='ocrx_word' id='word_1_496' title='bbox 2817 3673 3252 3739; x_wconf 88' lang='lat' dir='ltr'><strong>composuerunt,</strong></span> <span class='ocrx_word' id='word_1_497' title='bbox 3295 3664 3437 3720; x_wconf 92' lang='lat' dir='ltr'><strong>unde</strong></span> <span class='ocrx_word' id='word_1_498' title='bbox 3476 3662 3741 3720; x_wconf 80' lang='lat' dir='ltr'><strong>nescimus</strong></span> 
     </span>
    </p>
   </div>
   <div class='ocr_carea' id='block_1_44' title="bbox 2156 3753 3740 3830">
    <p class='ocr_par' dir='ltr' id='par_1_44' title="bbox 2156 3753 3740 3830">
     <span class='ocr_line' id='line_1_44' title="bbox 2156 3753 3740 3830; baseline -0.003 -18"><span class='ocrx_word' id='word_1_499' title='bbox 2156 3757 2275 3828; x_wconf 87' lang='lat' dir='ltr'><strong>quis</strong></span> <span class='ocrx_word' id='word_1_500' title='bbox 2330 3757 2478 3830; x_wconf 89' lang='lat' dir='ltr'><strong>prior</strong></span> <span class='ocrx_word' id='word_1_501' title='bbox 2532 3756 2652 3828; x_wconf 88' lang='lat' dir='ltr'><strong>quis</strong></span> <span class='ocrx_word' id='word_1_502' title='bbox 2707 3754 2973 3829; x_wconf 88' lang='lat' dir='ltr'><strong>posterior</strong></span> <span class='ocrx_word' id='word_1_503' title='bbox 3026 3755 3128 3810; x_wconf 91' lang='lat' dir='ltr'><strong>fuit</strong></span> <span class='ocrx_word' id='word_1_504' title='bbox 3169 3754 3322 3811; x_wconf 89' lang='lat' dir='ltr'><strong>ordo.</strong></span> <span class='ocrx_word' id='word_1_505' title='bbox 3372 3753 3500 3809; x_wconf 88' lang='lat' dir='ltr'><strong>Ideo</strong></span> <span class='ocrx_word' id='word_1_506' title='bbox 3566 3759 3740 3808; x_wconf 86' lang='lat' dir='ltr'><strong>autem</strong></span> 
     </span>
    </p>
   </div>
   <div class='ocr_carea' id='block_1_45' title="bbox 967 3838 3736 3919">
    <p class='ocr_par' dir='ltr' id='par_1_45' title="bbox 967 3838 3736 3919">
     <span class='ocr_line' id='line_1_45' title="bbox 967 3838 3736 3919; baseline -0.006 -7"><span class='ocrx_word' id='word_1_507' title='bbox 967 3838 979 3918; x_wconf 55' lang='grc' dir='ltr'>ξ</span> <span class='ocrx_word' id='word_1_508' title='bbox 1258 3907 1273 3919; x_wconf 82' lang='grc'>,</span> <span class='ocrx_word' id='word_1_509' title='bbox 1488 3908 1522 3919; x_wconf 72' lang='grc'><em>,,</em></span> <span class='ocrx_word' id='word_1_510' title='bbox 1569 3907 1579 3918; x_wconf 85' lang='lat'>_</span> <span class='ocrx_word' id='word_1_511' title='bbox 1658 3908 1692 3919; x_wconf 53' lang='grc' dir='ltr'>η</span> <span class='ocrx_word' id='word_1_512' title='bbox 1807 3916 1815 3919; x_wconf 88' lang='lat'>_</span> <span class='ocrx_word' id='word_1_513' title='bbox 1952 3909 1968 3919; x_wconf 87' lang='lat'><em>_</em></span> <span class='ocrx_word' id='word_1_514' title='bbox 2156 3847 2465 3902; x_wconf 86' lang='lat' dir='ltr'><strong>Mahometh</strong></span> <span class='ocrx_word' id='word_1_515' title='bbox 2491 3845 2747 3916; x_wconf 62' lang='lat' dir='ltr'><strong>praedari,</strong></span> <span class='ocrx_word' id='word_1_516' title='bbox 2777 3844 3070 3917; x_wconf 85' lang='lat' dir='ltr'><strong>captivare,</strong></span> <span class='ocrx_word' id='word_1_517' title='bbox 3102 3851 3156 3899; x_wconf 88' lang='lat' dir='ltr'><strong>et</strong></span> <span class='ocrx_word' id='word_1_518' title='bbox 3204 3849 3394 3916; x_wconf 78' lang='lat' dir='ltr'><strong>gentes</strong></span> <span class='ocrx_word' id='word_1_519' title='bbox 3447 3838 3736 3897; x_wconf 84' lang='lat' dir='ltr'><strong>interﬁcere</strong></span> 
     </span>
    </p>
   </div>
   <div class='ocr_carea' id='block_1_46' title="bbox 516 3905 3737 4006">
    <p class='ocr_par' dir='ltr' id='par_1_46' title="bbox 516 3905 3737 4006">
     <span class='ocr_line' id='line_1_46' title="bbox 516 3905 3737 4006; baseline -0.007 0"><span class='ocrx_word' id='word_1_520' title='bbox 516 3906 765 4006; x_wconf 28' lang='lat' dir='ltr'><strong>M9“???</strong></span> <span class='ocrx_word' id='word_1_521' title='bbox 804 3905 1075 4006; x_wconf 50' lang='lat' dir='ltr'><strong>Quqnjam</strong></span> <span class='ocrx_word' id='word_1_522' title='bbox 1104 3907 1368 4006; x_wconf 52' lang='lat' dir='ltr'><strong>qungam</strong></span> <span class='ocrx_word' id='word_1_523' title='bbox 1399 3907 1600 4006; x_wconf 40' lang='lat' dir='ltr'><strong>audivi,</strong></span> <span class='ocrx_word' id='word_1_524' title='bbox 1641 3908 1881 4006; x_wconf 49' lang='lat' dir='ltr'><strong>(meum?</strong></span> <span class='ocrx_word' id='word_1_525' title='bbox 1916 3909 2049 4006; x_wconf 50' lang='lat' dir='ltr'><strong>fle&quot;</strong></span> <span class='ocrx_word' id='word_1_526' title='bbox 2151 3934 2328 4005; x_wconf 88' lang='lat' dir='ltr'><strong>jussit,</strong></span> <span class='ocrx_word' id='word_1_527' title='bbox 2361 3905 2513 4006; x_wconf 80' lang='lat' dir='ltr'><strong>quod</strong></span> <span class='ocrx_word' id='word_1_528' title='bbox 2534 3905 2744 3990; x_wconf 78' lang='lat' dir='ltr'><strong>Arabes</strong></span> <span class='ocrx_word' id='word_1_529' title='bbox 2776 3905 2868 4004; x_wconf 79' lang='lat' dir='ltr'><strong>qui</strong></span> <span class='ocrx_word' id='word_1_530' title='bbox 2909 3905 3083 3988; x_wconf 85' lang='lat' dir='ltr'><strong>Deum</strong></span> <span class='ocrx_word' id='word_1_531' title='bbox 3111 3905 3420 4004; x_wconf 69' lang='lat' dir='ltr'><strong>ignorantes</strong></span> <span class='ocrx_word' id='word_1_532' title='bbox 3452 3930 3511 3985; x_wconf 86' lang='lat' dir='ltr'><strong>in</strong></span> <span class='ocrx_word' id='word_1_533' title='bbox 3538 3928 3737 3985; x_wconf 69' lang='lat' dir='ltr'><strong>deserto</strong></span> 
     </span>
    </p>
   </div>
   <div class='ocr_carea' id='block_1_47' title="bbox 445 3996 3740 4095">
    <p class='ocr_par' dir='ltr' id='par_1_47' title="bbox 445 3996 3740 4095">
     <span class='ocr_line' id='line_1_47' title="bbox 445 3996 3740 4095; baseline 0.002 -28"><span class='ocrx_word' id='word_1_534' title='bbox 445 3996 854 4095; x_wconf 53' lang='grc' dir='ltr'><strong>ωροίανίεξξδδθ</strong></span> <span class='ocrx_word' id='word_1_535' title='bbox 881 4004 934 4053; x_wconf 49' lang='lat' dir='ltr'><strong>ei</strong></span> <span class='ocrx_word' id='word_1_536' title='bbox 971 4012 1037 4053; x_wconf 68' lang='lat' dir='ltr'><strong>ea</strong></span> <span class='ocrx_word' id='word_1_537' title='bbox 1095 3996 1327 4065; x_wconf 59' lang='lat' dir='ltr'><strong>“disse:</strong></span> <span class='ocrx_word' id='word_1_538' title='bbox 1379 4013 1444 4053; x_wconf 66' lang='lat'><strong>3°</strong></span> <span class='ocrx_word' id='word_1_539' title='bbox 1483 3997 1795 4095; x_wconf 54' lang='lat' dir='ltr'><strong>fouocf‘ws</strong></span> <span class='ocrx_word' id='word_1_540' title='bbox 1853 3998 2038 4066; x_wconf 60' lang='lat' dir='ltr'><strong>fuisse!</strong></span> <span class='ocrx_word' id='word_1_541' title='bbox 2151 3996 2468 4090; x_wconf 66' lang='lat' dir='ltr'><strong>manebant,</strong></span> <span class='ocrx_word' id='word_1_542' title='bbox 2544 4023 2602 4078; x_wconf 88' lang='lat' dir='ltr'><strong>in</strong></span> <span class='ocrx_word' id='word_1_543' title='bbox 2646 3996 3068 4095; x_wconf 63' lang='lat' dir='ltr'><strong>pradationibus</strong></span> <span class='ocrx_word' id='word_1_544' title='bbox 3123 3996 3528 4087; x_wconf 65' lang='lat' dir='ltr'><strong>delectarentur,</strong></span> <span class='ocrx_word' id='word_1_545' title='bbox 3582 4025 3632 4073; x_wconf 88' lang='lat' dir='ltr'><strong>et</strong></span> <span class='ocrx_word' id='word_1_546' title='bbox 3682 4025 3740 4073; x_wconf 89' lang='lat' dir='ltr'><strong>ut</strong></span> 
     </span>
    </p>
   </div>
   <div class='ocr_carea' id='block_1_48' title="bbox 445 4085 2836 4170">
    <p class='ocr_par' dir='ltr' id='par_1_48' title="bbox 445 4085 2836 4170">
     <span class='ocr_line' id='line_1_48' title="bbox 445 4085 2836 4170; baseline 0.001 -30"><span class='ocrx_word' id='word_1_547' title='bbox 445 4086 612 4141; x_wconf 87' lang='lat' dir='ltr'><strong>miror</strong></span> <span class='ocrx_word' id='word_1_548' title='bbox 641 4094 688 4141; x_wconf 86' lang='lat' dir='ltr'><strong>to</strong></span> <span class='ocrx_word' id='word_1_549' title='bbox 718 4085 898 4143; x_wconf 89' lang='lat' dir='ltr'><strong>dicere</strong></span> <span class='ocrx_word' id='word_1_550' title='bbox 923 4102 1084 4142; x_wconf 91' lang='lat' dir='ltr'><strong>sensu</strong></span> <span class='ocrx_word' id='word_1_551' title='bbox 1111 4101 1222 4142; x_wconf 91' lang='lat' dir='ltr'><strong>non</strong></span> <span class='ocrx_word' id='word_1_552' title='bbox 1250 4086 1518 4158; x_wconf 88' lang='lat' dir='ltr'><strong>corporali</strong></span> <span class='ocrx_word' id='word_1_553' title='bbox 1545 4087 1853 4160; x_wconf 89' lang='lat' dir='ltr'><strong>percipere.</strong></span> <span class='ocrx_word' id='word_1_554' title='bbox 2164 4113 2403 4170; x_wconf 65' lang='lat' dir='ltr'><strong>maxime</strong></span> <span class='ocrx_word' id='word_1_555' title='bbox 2430 4085 2507 4168; x_wconf 66' lang='lat' dir='ltr'><strong>im</strong></span> <span class='ocrx_word' id='word_1_556' title='bbox 2535 4085 2836 4169; x_wconf 47' lang='lat' dir='ltr'><strong>maiorem.</strong></span> 
     </span>
    </p>
   </div>
   <div class='ocr_carea' id='block_1_49' title="bbox 2222 3093 3742 3169">
    <p class='ocr_par' dir='ltr' id='par_1_49' title="bbox 2222 3093 3742 3169">
     <span class='ocr_line' id='line_1_49' title="bbox 2222 3093 3742 3169; baseline -0.003 -14"><span class='ocrx_word' id='word_1_557' title='bbox 2222 3099 2455 3155; x_wconf 80' lang='lat' dir='ltr'><strong>Morsns.</strong></span> <span class='ocrx_word' id='word_1_558' title='bbox 2489 3097 2647 3154; x_wconf 87' lang='lat' dir='ltr'><strong>Liber</strong></span> <span class='ocrx_word' id='word_1_559' title='bbox 2672 3097 2923 3155; x_wconf 84' lang='lat' dir='ltr'><strong>Alcorani</strong></span> <span class='ocrx_word' id='word_1_560' title='bbox 2953 3097 3074 3154; x_wconf 88' lang='lat' dir='ltr'><strong>talis</strong></span> <span class='ocrx_word' id='word_1_561' title='bbox 3101 3104 3200 3167; x_wconf 89' lang='lat' dir='ltr'><strong>est,</strong></span> <span class='ocrx_word' id='word_1_562' title='bbox 3232 3095 3377 3168; x_wconf 89' lang='lat' dir='ltr'><strong>quod</strong></span> <span class='ocrx_word' id='word_1_563' title='bbox 3399 3103 3453 3154; x_wconf 90' lang='lat' dir='ltr'><strong>et</strong></span> <span class='ocrx_word' id='word_1_564' title='bbox 3477 3093 3742 3169; x_wconf 87' lang='lat' dir='ltr'><strong>posterior</strong></span> 
     </span>
    </p>
   </div>
   <div class='ocr_carea' id='block_1_50' title="bbox 2150 3186 2932 3257">
    <p class='ocr_par' dir='ltr' id='par_1_50' title="bbox 2150 3186 2932 3257">
     <span class='ocr_line' id='line_1_50' title="bbox 2150 3186 2932 3257; baseline 0 -14"><span class='ocrx_word' id='word_1_565' title='bbox 2150 3188 2387 3257; x_wconf 89' lang='lat' dir='ltr'><strong>primum</strong></span> <span class='ocrx_word' id='word_1_566' title='bbox 2419 3187 2641 3244; x_wconf 89' lang='lat' dir='ltr'><strong>destruit</strong></span> <span class='ocrx_word' id='word_1_567' title='bbox 2660 3186 2904 3244; x_wconf 87' lang='lat' dir='ltr'><strong>ordinem</strong></span> <span class='ocrx_word' id='word_1_568' title='bbox 2917 3227 2932 3243; x_wconf 95' lang='lat'><strong>.</strong></span> 
     </span>
    </p>
   </div>
   <div class='ocr_carea' id='block_1_51' title="bbox 513 3439 2044 3514">
    <p class='ocr_par' dir='ltr' id='par_1_51' title="bbox 513 3439 2044 3514">
     <span class='ocr_line' id='line_1_51' title="bbox 513 3439 2044 3514; baseline 0.004 -19"><span class='ocrx_word' id='word_1_569' title='bbox 513 3440 758 3496; x_wconf 74' lang='lat' dir='ltr'><strong>Parnus.</strong></span> <span class='ocrx_word' id='word_1_570' title='bbox 789 3439 946 3511; x_wconf 87' lang='lat' dir='ltr'><strong>Quod</strong></span> <span class='ocrx_word' id='word_1_571' title='bbox 975 3439 1157 3497; x_wconf 87' lang='lat' dir='ltr'><strong>dixisti</strong></span> <span class='ocrx_word' id='word_1_572' title='bbox 1188 3440 1462 3514; x_wconf 88' lang='lat' dir='ltr'><strong>lapidibus</strong></span> <span class='ocrx_word' id='word_1_573' title='bbox 1483 3442 1755 3514; x_wconf 87' lang='lat' dir='ltr'><strong>jaciendis</strong></span> <span class='ocrx_word' id='word_1_574' title='bbox 1767 3444 2044 3501; x_wconf 72' lang='lat' dir='ltr'><strong>daemones</strong></span> 
     </span>
    </p>
   </div>
   <div class='ocr_carea' id='block_1_52' title="bbox 443 3526 2051 3605">
    <p class='ocr_par' dir='ltr' id='par_1_52' title="bbox 443 3526 2051 3605">
     <span class='ocr_line' id='line_1_52' title="bbox 443 3526 2051 3605; baseline 0.004 -22"><span class='ocrx_word' id='word_1_575' title='bbox 443 3526 701 3601; x_wconf 68' lang='lat' dir='ltr'><strong>eﬁ‘ugare,</strong></span> <span class='ocrx_word' id='word_1_576' title='bbox 734 3546 843 3585; x_wconf 91' lang='lat' dir='ltr'><strong>non</strong></span> <span class='ocrx_word' id='word_1_577' title='bbox 883 3546 1216 3601; x_wconf 90' lang='lat' dir='ltr'><strong>consequens</strong></span> <span class='ocrx_word' id='word_1_578' title='bbox 1270 3532 1406 3588; x_wconf 89' lang='lat' dir='ltr'><strong>ratio</strong></span> <span class='ocrx_word' id='word_1_579' title='bbox 1462 3532 1674 3589; x_wconf 89' lang='lat' dir='ltr'><strong>videtur</strong></span> <span class='ocrx_word' id='word_1_580' title='bbox 1726 3551 1863 3602; x_wconf 88' lang='lat' dir='ltr'><strong>esse,</strong></span> <span class='ocrx_word' id='word_1_581' title='bbox 1924 3533 2051 3605; x_wconf 90' lang='lat' dir='ltr'><strong>quia</strong></span> 
     </span>
    </p>
   </div>
   <div class='ocr_carea' id='block_1_53' title="bbox 444 3617 2051 3696">
    <p class='ocr_par' dir='ltr' id='par_1_53' title="bbox 444 3617 2051 3696">
     <span class='ocr_line' id='line_1_53' title="bbox 444 3617 2051 3696; baseline 0.004 -24"><span class='ocrx_word' id='word_1_582' title='bbox 444 3617 589 3688; x_wconf 91' lang='lat' dir='ltr'><strong>quod</strong></span> <span class='ocrx_word' id='word_1_583' title='bbox 619 3633 728 3674; x_wconf 91' lang='lat' dir='ltr'><strong>non</strong></span> <span class='ocrx_word' id='word_1_584' title='bbox 755 3618 935 3689; x_wconf 87' lang='lat' dir='ltr'><strong>aliquo</strong></span> <span class='ocrx_word' id='word_1_585' title='bbox 963 3618 1258 3689; x_wconf 89' lang='lat' dir='ltr'><strong>percipitur</strong></span> <span class='ocrx_word' id='word_1_586' title='bbox 1283 3636 1441 3676; x_wconf 91' lang='lat' dir='ltr'><strong>sensu</strong></span> <span class='ocrx_word' id='word_1_587' title='bbox 1486 3637 1768 3694; x_wconf 89' lang='lat' dir='ltr'><strong>corporeo,</strong></span> <span class='ocrx_word' id='word_1_588' title='bbox 1809 3620 2051 3696; x_wconf 82' lang='lat' dir='ltr'><strong>eﬁ&#39;ugare</strong></span> 
     </span>
    </p>
   </div>
   <div class='ocr_carea' id='block_1_54' title="bbox 445 3706 2045 3780">
    <p class='ocr_par' dir='ltr' id='par_1_54' title="bbox 445 3706 2045 3780">
     <span class='ocr_line' id='line_1_54' title="bbox 445 3706 2045 3780; baseline 0.004 -19"><span class='ocrx_word' id='word_1_589' title='bbox 445 3706 634 3762; x_wconf 90' lang='lat' dir='ltr'><strong>leviter</strong></span> <span class='ocrx_word' id='word_1_590' title='bbox 658 3723 996 3778; x_wconf 87' lang='lat' dir='ltr'><strong>nequaquam</strong></span> <span class='ocrx_word' id='word_1_591' title='bbox 1028 3715 1228 3780; x_wconf 90' lang='lat' dir='ltr'><strong>potest.</strong></span> <span class='ocrx_word' id='word_1_592' title='bbox 1264 3708 1500 3766; x_wconf 90' lang='lat' dir='ltr'><strong>Nomine</strong></span> <span class='ocrx_word' id='word_1_593' title='bbox 1529 3726 1657 3767; x_wconf 86' lang='lat' dir='ltr'><strong>vero</strong></span> <span class='ocrx_word' id='word_1_594' title='bbox 1688 3710 1874 3768; x_wconf 90' lang='lat' dir='ltr'><strong>divino</strong></span> <span class='ocrx_word' id='word_1_595' title='bbox 1903 3710 2045 3767; x_wconf 80' lang='lat' dir='ltr'><strong>eﬁ&#39;u-</strong></span> 
     </span>
    </p>
   </div>
   <div class='ocr_carea' id='block_1_55' title="bbox 446 3791 969 3865">
    <p class='ocr_par' dir='ltr' id='par_1_55' title="bbox 446 3791 969 3865">
     <span class='ocr_line' id='line_1_55' title="bbox 446 3791 969 3865; baseline 0 -18"><span class='ocrx_word' id='word_1_596' title='bbox 446 3798 643 3865; x_wconf 83' lang='lat' dir='ltr'><strong>gantur</strong></span> <span class='ocrx_word' id='word_1_597' title='bbox 668 3791 969 3848; x_wconf 66' lang='lat' dir='ltr'><strong>daemones.</strong></span> 
     </span>
    </p>
   </div>
   <div class='ocr_carea' id='block_1_56' title="bbox 516 4200 2044 4275">
    <p class='ocr_par' dir='ltr' id='par_1_56' title="bbox 516 4200 2044 4275">
     <span class='ocr_line' id='line_1_56' title="bbox 516 4200 2044 4275; baseline 0 -18"><span class='ocrx_word' id='word_1_598' title='bbox 516 4202 752 4257; x_wconf 80' lang='lat' dir='ltr'><strong>Psrnus.</strong></span> <span class='ocrx_word' id='word_1_599' title='bbox 785 4201 933 4257; x_wconf 91' lang='lat' dir='ltr'><strong>Licet</strong></span> <span class='ocrx_word' id='word_1_600' title='bbox 953 4201 1177 4275; x_wconf 89' lang='lat' dir='ltr'><strong>angelus</strong></span> <span class='ocrx_word' id='word_1_601' title='bbox 1196 4217 1456 4272; x_wconf 90' lang='lat' dir='ltr'><strong>corporeo</strong></span> <span class='ocrx_word' id='word_1_602' title='bbox 1476 4218 1635 4258; x_wconf 90' lang='lat' dir='ltr'><strong>sensu</strong></span> <span class='ocrx_word' id='word_1_603' title='bbox 1673 4217 1783 4259; x_wconf 89' lang='lat' dir='ltr'><strong>non</strong></span> <span class='ocrx_word' id='word_1_604' title='bbox 1838 4200 2044 4274; x_wconf 88' lang='lat' dir='ltr'><strong>percipi</strong></span> 
     </span>
    </p>
   </div>
   <div class='ocr_carea' id='block_1_57' title="bbox 443 4289 2047 4360">
    <p class='ocr_par' dir='ltr' id='par_1_57' title="bbox 443 4289 2047 4360">
     <span class='ocr_line' id='line_1_57' title="bbox 443 4289 2047 4360; baseline 0.001 -15"><span class='ocrx_word' id='word_1_605' title='bbox 443 4289 633 4360; x_wconf 89' lang='lat' dir='ltr'><strong>possit,</strong></span> <span class='ocrx_word' id='word_1_606' title='bbox 664 4290 771 4344; x_wconf 91' lang='lat' dir='ltr'><strong>illis</strong></span> <span class='ocrx_word' id='word_1_607' title='bbox 797 4296 979 4345; x_wconf 88' lang='lat' dir='ltr'><strong>tamen</strong></span> <span class='ocrx_word' id='word_1_608' title='bbox 1008 4290 1099 4360; x_wconf 91' lang='lat' dir='ltr'><strong>qui</strong></span> <span class='ocrx_word' id='word_1_609' title='bbox 1126 4289 1423 4346; x_wconf 89' lang='lat' dir='ltr'><strong>secundum</strong></span> <span class='ocrx_word' id='word_1_610' title='bbox 1455 4290 1711 4346; x_wconf 88' lang='lat' dir='ltr'><strong>mandata</strong></span> <span class='ocrx_word' id='word_1_611' title='bbox 1736 4291 1837 4346; x_wconf 91' lang='lat' dir='ltr'><strong>Dei</strong></span> <span class='ocrx_word' id='word_1_612' title='bbox 1888 4291 2047 4347; x_wconf 86' lang='lat' dir='ltr'><strong>ince-</strong></span> 
     </span>
    </p>
   </div>
   <div class='ocr_carea' id='block_1_58' title="bbox 444 4358 2050 4457">
    <p class='ocr_par' dir='ltr' id='par_1_58' title="bbox 444 4358 2050 4447">
     <span class='ocr_line' id='line_1_58' title="bbox 444 4358 2050 4447; baseline 0.001 -14"><span class='ocrx_word' id='word_1_613' title='bbox 444 4358 595 4447; x_wconf 79' lang='lat' dir='ltr'><strong>dunt,</strong></span> <span class='ocrx_word' id='word_1_614' title='bbox 629 4378 868 4436; x_wconf 89' lang='lat' dir='ltr'><strong>visibiles</strong></span> <span class='ocrx_word' id='word_1_615' title='bbox 892 4358 1044 4435; x_wconf 54' lang='lat' dir='ltr'><strong>ﬁunt:</strong></span> <span class='ocrx_word' id='word_1_616' title='bbox 1080 4378 1339 4435; x_wconf 89' lang='lat' dir='ltr'><strong>Similiter</strong></span> <span class='ocrx_word' id='word_1_617' title='bbox 1393 4378 1643 4436; x_wconf 90' lang='lat' dir='ltr'><strong>diabolus</strong></span> <span class='ocrx_word' id='word_1_618' title='bbox 1692 4379 1883 4435; x_wconf 89' lang='lat' dir='ltr'><strong>amicis</strong></span> <span class='ocrx_word' id='word_1_619' title='bbox 1941 4379 2050 4435; x_wconf 90' lang='lat' dir='ltr'><strong>suis</strong></span> 
     </span>
    </p>
   </div>
   <div class='ocr_carea' id='block_1_59' title="bbox 2160 4358 3736 4457">
    <p class='ocr_par' dir='ltr' id='par_1_59' title="bbox 2235 4358 3736 4434">
     <span class='ocr_line' id='line_1_59' title="bbox 2235 4358 3736 4434; baseline -0.007 -13"><span class='ocrx_word' id='word_1_620' title='bbox 2235 4367 2474 4421; x_wconf 79' lang='lat' dir='ltr'><strong>Psrnus.</strong></span> <span class='ocrx_word' id='word_1_621' title='bbox 2515 4362 2670 4434; x_wconf 89' lang='lat' dir='ltr'><strong>Quod</strong></span> <span class='ocrx_word' id='word_1_622' title='bbox 2703 4362 2837 4417; x_wconf 90' lang='lat' dir='ltr'><strong>dicis</strong></span> <span class='ocrx_word' id='word_1_623' title='bbox 2862 4361 2968 4416; x_wconf 88' lang='lat' dir='ltr'><strong>illis</strong></span> <span class='ocrx_word' id='word_1_624' title='bbox 3017 4358 3317 4416; x_wconf 89' lang='lat' dir='ltr'><strong>absolutam</strong></span> <span class='ocrx_word' id='word_1_625' title='bbox 3371 4374 3484 4413; x_wconf 90' lang='lat' dir='ltr'><strong>esse</strong></span> <span class='ocrx_word' id='word_1_626' title='bbox 3536 4371 3736 4412; x_wconf 89' lang='lat' dir='ltr'><strong>omnem</strong></span> 
     </span>
    </p>
   </div>
   <div class='ocr_carea' id='block_1_60' title="bbox 449 4450 3734 4539">
    <p class='ocr_par' dir='ltr' id='par_1_60' title="bbox 449 4450 3734 4539">
     <span class='ocr_line' id='line_1_60' title="bbox 449 4450 3734 4539; baseline -0.007 -16"><span class='ocrx_word' id='word_1_627' title='bbox 449 4467 675 4523; x_wconf 87' lang='lat' dir='ltr'><strong>visibilis</strong></span> <span class='ocrx_word' id='word_1_628' title='bbox 702 4475 952 4539; x_wconf 87' lang='lat' dir='ltr'><strong>apparet.</strong></span> <span class='ocrx_word' id='word_1_629' title='bbox 2165 4470 2402 4523; x_wconf 89' lang='lat' dir='ltr'><strong>carnem,</strong></span> <span class='ocrx_word' id='word_1_630' title='bbox 2460 4460 2655 4526; x_wconf 79' lang='lat' dir='ltr'><strong>praeter</strong></span> <span class='ocrx_word' id='word_1_631' title='bbox 2712 4450 2862 4524; x_wconf 91' lang='lat' dir='ltr'><strong>porci</strong></span> <span class='ocrx_word' id='word_1_632' title='bbox 2917 4465 3141 4539; x_wconf 2' lang='lat' dir='ltr'><strong>carnem,</strong></span> <span class='ocrx_word' id='word_1_633' title='bbox 3186 4456 3239 4504; x_wconf 90' lang='lat' dir='ltr'><strong>et</strong></span> <span class='ocrx_word' id='word_1_634' title='bbox 3294 4450 3638 4539; x_wconf 67' lang='lat' dir='ltr'><strong>sanguinem,</strong></span> <span class='ocrx_word' id='word_1_635' title='bbox 3684 4453 3734 4500; x_wconf 87' lang='lat' dir='ltr'><strong>et</strong></span> 
     </span>
    </p>
   </div>
   <div class='ocr_carea' id='block_1_61' title="bbox 2165 4533 3726 4608">
    <p class='ocr_par' dir='ltr' id='par_1_61' title="bbox 2165 4533 3726 4608">
     <span class='ocr_line' id='line_1_61' title="bbox 2165 4533 3726 4608; baseline -0.007 -9"><span class='ocrx_word' id='word_1_636' title='bbox 2165 4543 2504 4599; x_wconf 90' lang='lat' dir='ltr'><strong>morticinum</strong></span> <span class='ocrx_word' id='word_1_637' title='bbox 2535 4541 2603 4597; x_wconf 92' lang='lat' dir='ltr'><strong>ad</strong></span> <span class='ocrx_word' id='word_1_638' title='bbox 2630 4540 2974 4605; x_wconf 84' lang='lat' dir='ltr'><strong>vescendum,</strong></span> <span class='ocrx_word' id='word_1_639' title='bbox 3019 4538 3177 4594; x_wconf 90' lang='lat' dir='ltr'><strong>nobis</strong></span> <span class='ocrx_word' id='word_1_640' title='bbox 3233 4552 3444 4608; x_wconf 88' lang='lat' dir='ltr'><strong>quoque</strong></span> <span class='ocrx_word' id='word_1_641' title='bbox 3500 4533 3726 4590; x_wconf 87' lang='lat' dir='ltr'><strong>absoluta</strong></span> 
     </span>
    </p>
   </div>
   <div class='ocr_carea' id='block_1_62' title="bbox 2084 4621 3720 4700">
    <p class='ocr_par' dir='ltr' id='par_1_62' title="bbox 2084 4621 3720 4700">
     <span class='ocr_line' id='line_1_62' title="bbox 2084 4621 3720 4700; baseline -0.007 -12"><span class='ocrx_word' id='word_1_642' title='bbox 2084 4639 2136 4700; x_wconf 90' lang='lat' dir='ltr'><strong>D</strong></span> <span class='ocrx_word' id='word_1_643' title='bbox 2165 4640 2243 4687; x_wconf 88' lang='lat' dir='ltr'><strong>est</strong></span> <span class='ocrx_word' id='word_1_644' title='bbox 2271 4631 2447 4687; x_wconf 89' lang='lat' dir='ltr'><strong>omnis</strong></span> <span class='ocrx_word' id='word_1_645' title='bbox 2477 4646 2627 4687; x_wconf 89' lang='lat' dir='ltr'><strong>caro.</strong></span> <span class='ocrx_word' id='word_1_646' title='bbox 2692 4632 2755 4684; x_wconf 89' lang='lat' dir='ltr'><strong>In</strong></span> <span class='ocrx_word' id='word_1_647' title='bbox 2808 4631 2914 4685; x_wconf 89' lang='lat' dir='ltr'><strong>hoc</strong></span> <span class='ocrx_word' id='word_1_648' title='bbox 2968 4634 3173 4683; x_wconf 90' lang='lat' dir='ltr'><strong>tantum</strong></span> <span class='ocrx_word' id='word_1_649' title='bbox 3228 4625 3432 4681; x_wconf 86' lang='lat' dir='ltr'><strong>scilicet</strong></span> <span class='ocrx_word' id='word_1_650' title='bbox 3485 4623 3538 4678; x_wconf 91' lang='lat' dir='ltr'><strong>in</strong></span> <span class='ocrx_word' id='word_1_651' title='bbox 3588 4621 3720 4694; x_wconf 90' lang='lat' dir='ltr'><strong>porci</strong></span> 
     </span>
    </p>
   </div>
   <div class='ocr_carea' id='block_1_63' title="bbox 2161 4712 3724 4779">
    <p class='ocr_par' dir='ltr' id='par_1_63' title="bbox 2161 4712 3724 4779">
     <span class='ocr_line' id='line_1_63' title="bbox 2161 4712 3724 4779; baseline -0.008 -2"><span class='ocrx_word' id='word_1_652' title='bbox 2161 4739 2321 4777; x_wconf 89' lang='lat' dir='ltr'><strong>carne</strong></span> <span class='ocrx_word' id='word_1_653' title='bbox 2350 4719 2740 4777; x_wconf 89' lang='lat' dir='ltr'><strong>discordamus.</strong></span> <span class='ocrx_word' id='word_1_654' title='bbox 2772 4717 2888 4773; x_wconf 84' lang='lat' dir='ltr'><strong>Hoc</strong></span> <span class='ocrx_word' id='word_1_655' title='bbox 2940 4724 3119 4772; x_wconf 89' lang='lat' dir='ltr'><strong>autem</strong></span> <span class='ocrx_word' id='word_1_656' title='bbox 3178 4715 3307 4771; x_wconf 89' lang='lat' dir='ltr'><strong>fecit</strong></span> <span class='ocrx_word' id='word_1_657' title='bbox 3358 4712 3724 4779; x_wconf 84' lang='lat' dir='ltr'><strong>Mahomethus,</strong></span> 
     </span>
    </p>
   </div>
   <div class='ocr_carea' id='block_1_64' title="bbox 520 4786 2050 4876">
    <p class='ocr_par' dir='ltr' id='par_1_64' title="bbox 520 4786 2049 4860">
     <span class='ocr_line' id='line_1_64' title="bbox 520 4786 2049 4860; baseline -0.001 -16"><span class='ocrx_word' id='word_1_658' title='bbox 520 4790 756 4845; x_wconf 77' lang='lat' dir='ltr'><strong>Psrnus.</strong></span> <span class='ocrx_word' id='word_1_659' title='bbox 780 4788 957 4859; x_wconf 85' lang='lat' dir='ltr'><strong>Quare</strong></span> <span class='ocrx_word' id='word_1_660' title='bbox 987 4788 1131 4860; x_wconf 89' lang='lat' dir='ltr'><strong>quod</strong></span> <span class='ocrx_word' id='word_1_661' title='bbox 1159 4787 1229 4843; x_wconf 90' lang='lat' dir='ltr'><strong>ad</strong></span> <span class='ocrx_word' id='word_1_662' title='bbox 1260 4795 1309 4844; x_wconf 89' lang='lat' dir='ltr'><strong>te</strong></span> <span class='ocrx_word' id='word_1_663' title='bbox 1349 4787 1571 4843; x_wconf 91' lang='lat' dir='ltr'><strong>minime</strong></span> <span class='ocrx_word' id='word_1_664' title='bbox 1626 4787 1858 4859; x_wconf 88' lang='lat' dir='ltr'><strong>pertinet</strong></span> <span class='ocrx_word' id='word_1_665' title='bbox 1911 4786 2049 4843; x_wconf 89' lang='lat' dir='ltr'><strong>scire</strong></span> 
     </span>
    </p>
   </div>
   <div class='ocr_carea' id='block_1_65' title="bbox 2160 4786 3727 4876">
    <p class='ocr_par' dir='ltr' id='par_1_65' title="bbox 2162 4793 3727 4876">
     <span class='ocr_line' id='line_1_65' title="bbox 2162 4793 3727 4876; baseline -0.008 -15"><span class='ocrx_word' id='word_1_666' title='bbox 2162 4813 2220 4861; x_wconf 91' lang='lat' dir='ltr'><strong>ut</strong></span> <span class='ocrx_word' id='word_1_667' title='bbox 2249 4805 2306 4860; x_wconf 89' lang='lat' dir='ltr'><strong>in</strong></span> <span class='ocrx_word' id='word_1_668' title='bbox 2333 4820 2397 4861; x_wconf 87' lang='lat' dir='ltr'><strong>eo</strong></span> <span class='ocrx_word' id='word_1_669' title='bbox 2427 4822 2459 4860; x_wconf 91' lang='lat' dir='ltr'><strong>a</strong></span> <span class='ocrx_word' id='word_1_670' title='bbox 2488 4805 2609 4876; x_wconf 85' lang='lat' dir='ltr'><strong>lege</strong></span> <span class='ocrx_word' id='word_1_671' title='bbox 2627 4819 2724 4858; x_wconf 90' lang='lat' dir='ltr'><strong>sua</strong></span> <span class='ocrx_word' id='word_1_672' title='bbox 2761 4817 2859 4858; x_wconf 91' lang='lat' dir='ltr'><strong>nos</strong></span> <span class='ocrx_word' id='word_1_673' title='bbox 2880 4799 3163 4857; x_wconf 89' lang='lat' dir='ltr'><strong>Christiani</strong></span> <span class='ocrx_word' id='word_1_674' title='bbox 3197 4797 3546 4853; x_wconf 64' lang='lat' dir='ltr'><strong>diﬂ&#39;erremus.</strong></span> <span class='ocrx_word' id='word_1_675' title='bbox 3591 4793 3727 4865; x_wconf 87' lang='lat' dir='ltr'><strong>Quod</strong></span> 
     </span>
    </p>
   </div>
   <div class='ocr_carea' id='block_1_66' title="bbox 2235 4232 3461 4306">
    <p class='ocr_par' dir='ltr' id='par_1_66' title="bbox 2235 4232 3461 4306">
     <span class='ocr_line' id='line_1_66' title="bbox 2235 4232 3461 4306; baseline -0.007 -12"><span class='ocrx_word' id='word_1_676' title='bbox 2235 4240 2478 4294; x_wconf 79' lang='lat' dir='ltr'><strong>Movsas.</strong></span> <span class='ocrx_word' id='word_1_677' title='bbox 2516 4236 2739 4293; x_wconf 70' lang='lat' dir='ltr'><strong>Estimo</strong></span> <span class='ocrx_word' id='word_1_678' title='bbox 2768 4251 2955 4293; x_wconf 89' lang='lat' dir='ltr'><strong>verum</strong></span> <span class='ocrx_word' id='word_1_679' title='bbox 2984 4250 3102 4292; x_wconf 90' lang='lat' dir='ltr'><strong>esse</strong></span> <span class='ocrx_word' id='word_1_680' title='bbox 3130 4233 3274 4306; x_wconf 90' lang='lat' dir='ltr'><strong>quod</strong></span> <span class='ocrx_word' id='word_1_681' title='bbox 3304 4232 3461 4289; x_wconf 89' lang='lat' dir='ltr'><strong>dicis.</strong></span> 
     </span>
    </p>
   </div>
   <div class='ocr_carea' id='block_1_67' title="bbox 519 4582 2049 4657">
    <p class='ocr_par' dir='ltr' id='par_1_67' title="bbox 519 4582 2049 4657">
     <span class='ocr_line' id='line_1_67' title="bbox 519 4582 2049 4657; baseline 0 -18"><span class='ocrx_word' id='word_1_682' title='bbox 519 4585 765 4639; x_wconf 74' lang='lat' dir='ltr'><strong>Movsss.</strong></span> <span class='ocrx_word' id='word_1_683' title='bbox 788 4583 933 4639; x_wconf 87' lang='lat' dir='ltr'><strong>Istud</strong></span> <span class='ocrx_word' id='word_1_684' title='bbox 952 4583 1169 4655; x_wconf 89' lang='lat' dir='ltr'><strong>quidem</strong></span> <span class='ocrx_word' id='word_1_685' title='bbox 1193 4584 1387 4639; x_wconf 88' lang='lat' dir='ltr'><strong>vellem</strong></span> <span class='ocrx_word' id='word_1_686' title='bbox 1403 4582 1558 4653; x_wconf 89' lang='lat' dir='ltr'><strong>scire,</strong></span> <span class='ocrx_word' id='word_1_687' title='bbox 1584 4599 1690 4654; x_wconf 91' lang='lat' dir='ltr'><strong>quo</strong></span> <span class='ocrx_word' id='word_1_688' title='bbox 1712 4584 2049 4657; x_wconf 85' lang='lat' dir='ltr'><strong>magisterio,</strong></span> 
     </span>
    </p>
   </div>
   <div class='ocr_carea' id='block_1_68' title="bbox 450 4672 1790 4745">
    <p class='ocr_par' dir='ltr' id='par_1_68' title="bbox 450 4672 1790 4745">
     <span class='ocr_line' id='line_1_68' title="bbox 450 4672 1790 4745; baseline -0.001 -17"><span class='ocrx_word' id='word_1_689' title='bbox 450 4689 623 4745; x_wconf 87' lang='lat' dir='ltr'><strong>quave</strong></span> <span class='ocrx_word' id='word_1_690' title='bbox 654 4680 767 4729; x_wconf 89' lang='lat' dir='ltr'><strong>arte</strong></span> <span class='ocrx_word' id='word_1_691' title='bbox 798 4672 917 4729; x_wconf 89' lang='lat' dir='ltr'><strong>illos</strong></span> <span class='ocrx_word' id='word_1_692' title='bbox 941 4672 1147 4741; x_wconf 87' lang='lat' dir='ltr'><strong>videre,</strong></span> <span class='ocrx_word' id='word_1_693' title='bbox 1172 4673 1257 4728; x_wconf 89' lang='lat' dir='ltr'><strong>vel</strong></span> <span class='ocrx_word' id='word_1_694' title='bbox 1287 4673 1521 4744; x_wconf 90' lang='lat' dir='ltr'><strong>colloqui</strong></span> <span class='ocrx_word' id='word_1_695' title='bbox 1553 4689 1790 4744; x_wconf 88' lang='lat' dir='ltr'><strong>possem.</strong></span> 
     </span>
    </p>
   </div>
   <div class='ocr_carea' id='block_1_69' title="bbox 449 4877 3724 4960">
    <p class='ocr_par' dir='ltr' id='par_1_69' title="bbox 449 4877 3724 4960">
     <span class='ocr_line' id='line_1_69' title="bbox 449 4877 3724 4960; baseline -0.002 -16"><span class='ocrx_word' id='word_1_696' title='bbox 449 4877 721 4936; x_wconf 68' lang='lat' dir='ltr'><strong>dGSideI‘aS</strong></span> <span class='ocrx_word' id='word_1_697' title='bbox 744 4878 771 4931; x_wconf 60' lang='grc'>9</span> <span class='ocrx_word' id='word_1_698' title='bbox 2163 4895 2229 4950; x_wconf 92' lang='lat' dir='ltr'><strong>de</strong></span> <span class='ocrx_word' id='word_1_699' title='bbox 2257 4893 2517 4949; x_wconf 85' lang='lat' dir='ltr'><strong>uxoribus</strong></span> <span class='ocrx_word' id='word_1_700' title='bbox 2552 4891 2733 4947; x_wconf 86' lang='lat' dir='ltr'><strong>dixisti</strong></span> <span class='ocrx_word' id='word_1_701' title='bbox 2762 4891 2924 4946; x_wconf 90' lang='lat' dir='ltr'><strong>licere</strong></span> <span class='ocrx_word' id='word_1_702' title='bbox 2963 4895 3191 4960; x_wconf 90' lang='lat' dir='ltr'><strong>quatuor</strong></span> <span class='ocrx_word' id='word_1_703' title='bbox 3234 4886 3474 4959; x_wconf 87' lang='lat' dir='ltr'><strong>accipere</strong></span> <span class='ocrx_word' id='word_1_704' title='bbox 3520 4892 3577 4940; x_wconf 83' lang='lat' dir='ltr'><strong>et</strong></span> <span class='ocrx_word' id='word_1_705' title='bbox 3605 4898 3724 4954; x_wconf 87' lang='lat' dir='ltr'><strong>qua-</strong></span> 
     </span>
    </p>
   </div>
   <div class='ocr_carea' id='block_1_70' title="bbox 520 4972 3722 5058">
    <p class='ocr_par' dir='ltr' id='par_1_70' title="bbox 520 4972 3722 5058">
     <span class='ocr_line' id='line_1_70' title="bbox 520 4972 3722 5058; baseline -0.005 -16"><span class='ocrx_word' id='word_1_706' title='bbox 520 4987 765 5043; x_wconf 79' lang='lat' dir='ltr'><strong>Movses.</strong></span> <span class='ocrx_word' id='word_1_707' title='bbox 798 4987 921 5043; x_wconf 90' lang='lat' dir='ltr'><strong>Non</strong></span> <span class='ocrx_word' id='word_1_708' title='bbox 950 4993 1009 5041; x_wconf 90' lang='lat' dir='ltr'><strong>ut</strong></span> <span class='ocrx_word' id='word_1_709' title='bbox 1036 5000 1203 5058; x_wconf 89' lang='lat' dir='ltr'><strong>opera</strong></span> <span class='ocrx_word' id='word_1_710' title='bbox 1232 4999 1563 5052; x_wconf 83' lang='lat' dir='ltr'><strong>exercerem,</strong></span> <span class='ocrx_word' id='word_1_711' title='bbox 1622 4982 1717 5039; x_wconf 89' lang='lat' dir='ltr'><strong>sed</strong></span> <span class='ocrx_word' id='word_1_712' title='bbox 1772 4981 2053 5039; x_wconf 87' lang='lat' dir='ltr'><strong>scientiam</strong></span> <span class='ocrx_word' id='word_1_713' title='bbox 2165 4983 2297 5039; x_wconf 91' lang='lat' dir='ltr'><strong>libet</strong></span> <span class='ocrx_word' id='word_1_714' title='bbox 2322 4982 2605 5055; x_wconf 89' lang='lat' dir='ltr'><strong>repudiata</strong></span> <span class='ocrx_word' id='word_1_715' title='bbox 2633 4981 2796 5038; x_wconf 90' lang='lat' dir='ltr'><strong>aliam</strong></span> <span class='ocrx_word' id='word_1_716' title='bbox 2853 4978 3117 5051; x_wconf 83' lang='lat' dir='ltr'><strong>accipere,</strong></span> <span class='ocrx_word' id='word_1_717' title='bbox 3176 4977 3279 5033; x_wconf 85' lang='lat' dir='ltr'><strong>hoc</strong></span> <span class='ocrx_word' id='word_1_718' title='bbox 3335 4975 3482 5029; x_wconf 88' lang='lat' dir='ltr'><strong>nulla</strong></span> <span class='ocrx_word' id='word_1_719' title='bbox 3533 4972 3722 5043; x_wconf 86' lang='lat' dir='ltr'><strong>quidem</strong></span> 
     </span>
    </p>
   </div>
   <div class='ocr_carea' id='block_1_71' title="bbox 451 5061 3721 5145">
    <p class='ocr_par' dir='ltr' id='par_1_71' title="bbox 451 5061 3721 5145">
     <span class='ocr_line' id='line_1_71' title="bbox 451 5061 3721 5145; baseline -0.005 -13"><span class='ocrx_word' id='word_1_720' title='bbox 451 5083 656 5132; x_wconf 87' lang='lat' dir='ltr'><strong>tantum</strong></span> <span class='ocrx_word' id='word_1_721' title='bbox 689 5074 907 5132; x_wconf 88' lang='lat' dir='ltr'><strong>vellem.</strong></span> <span class='ocrx_word' id='word_1_722' title='bbox 2165 5072 2471 5145; x_wconf 70' lang='lat' dir='ltr'><strong>praecipitur</strong></span> <span class='ocrx_word' id='word_1_723' title='bbox 2495 5070 2723 5138; x_wconf 89' lang='lat' dir='ltr'><strong>ratione,</strong></span> <span class='ocrx_word' id='word_1_724' title='bbox 2753 5084 2928 5139; x_wconf 90' lang='lat' dir='ltr'><strong>neque</strong></span> <span class='ocrx_word' id='word_1_725' title='bbox 2949 5067 3095 5121; x_wconf 88' lang='lat' dir='ltr'><strong>enim</strong></span> <span class='ocrx_word' id='word_1_726' title='bbox 3127 5065 3227 5120; x_wconf 91' lang='lat' dir='ltr'><strong>nisi</strong></span> <span class='ocrx_word' id='word_1_727' title='bbox 3265 5080 3425 5120; x_wconf 87' lang='lat' dir='ltr'><strong>causa</strong></span> <span class='ocrx_word' id='word_1_728' title='bbox 3456 5061 3586 5118; x_wconf 87' lang='lat' dir='ltr'><strong>ﬁlios</strong></span> <span class='ocrx_word' id='word_1_729' title='bbox 3610 5075 3721 5132; x_wconf 89' lang='lat' dir='ltr'><strong>pro-</strong></span> 
     </span>
    </p>
   </div>
   <div class='ocr_carea' id='block_1_72' title="bbox 2164 5150 3715 5233">
    <p class='ocr_par' dir='ltr' id='par_1_72' title="bbox 2164 5150 3715 5233">
     <span class='ocr_line' id='line_1_72' title="bbox 2164 5150 3715 5233; baseline -0.01 -16"><span class='ocrx_word' id='word_1_730' title='bbox 2164 5160 2401 5228; x_wconf 87' lang='lat' dir='ltr'><strong>creandi,</strong></span> <span class='ocrx_word' id='word_1_731' title='bbox 2434 5166 2763 5233; x_wconf 75' lang='lat' dir='ltr'><strong>praeceptum</strong></span> <span class='ocrx_word' id='word_1_732' title='bbox 2779 5164 2861 5212; x_wconf 88' lang='lat' dir='ltr'><strong>est</strong></span> <span class='ocrx_word' id='word_1_733' title='bbox 2876 5171 3099 5211; x_wconf 84' lang='lat' dir='ltr'><strong>uxorem</strong></span> <span class='ocrx_word' id='word_1_734' title='bbox 3120 5154 3360 5226; x_wconf 84' lang='lat' dir='ltr'><strong>accipere</strong></span> <span class='ocrx_word' id='word_1_735' title='bbox 3381 5153 3525 5223; x_wconf 80' lang='lat' dir='ltr'><strong>(Leu.</strong></span> <span class='ocrx_word' id='word_1_736' title='bbox 3553 5150 3715 5221; x_wconf 74' lang='lat' dir='ltr'><strong>xvm).</strong></span> 
     </span>
    </p>
   </div>
   <div class='ocr_carea' id='block_1_73' title="bbox 2167 5240 3723 5321">
    <p class='ocr_par' dir='ltr' id='par_1_73' title="bbox 2167 5240 3723 5321">
     <span class='ocr_line' id='line_1_73' title="bbox 2167 5240 3723 5321; baseline -0.01 -14"><span class='ocrx_word' id='word_1_737' title='bbox 2167 5250 2324 5321; x_wconf 88' lang='lat' dir='ltr'><strong>Quod</strong></span> <span class='ocrx_word' id='word_1_738' title='bbox 2353 5257 2531 5305; x_wconf 90' lang='lat' dir='ltr'><strong>autem</strong></span> <span class='ocrx_word' id='word_1_739' title='bbox 2563 5245 2836 5319; x_wconf 89' lang='lat' dir='ltr'><strong>emptitias</strong></span> <span class='ocrx_word' id='word_1_740' title='bbox 2864 5252 2917 5300; x_wconf 88' lang='lat' dir='ltr'><strong>et</strong></span> <span class='ocrx_word' id='word_1_741' title='bbox 2968 5243 3209 5316; x_wconf 88' lang='lat' dir='ltr'><strong>captivas</strong></span> <span class='ocrx_word' id='word_1_742' title='bbox 3247 5240 3508 5312; x_wconf 86' lang='lat' dir='ltr'><strong>quotlibet</strong></span> <span class='ocrx_word' id='word_1_743' title='bbox 3534 5244 3723 5310; x_wconf 86' lang='lat' dir='ltr'><strong>possunt</strong></span> 
     </span>
    </p>
   </div>
   <div class='ocr_carea' id='block_1_74' title="bbox 2168 5323 3720 5404">
    <p class='ocr_par' dir='ltr' id='par_1_74' title="bbox 2168 5323 3720 5404">
     <span class='ocr_line' id='line_1_74' title="bbox 2168 5323 3720 5404; baseline -0.01 -14"><span class='ocrx_word' id='word_1_744' title='bbox 2168 5335 2386 5400; x_wconf 88' lang='lat' dir='ltr'><strong>habere,</strong></span> <span class='ocrx_word' id='word_1_745' title='bbox 2414 5336 2516 5389; x_wconf 92' lang='lat' dir='ltr'><strong>hoc</strong></span> <span class='ocrx_word' id='word_1_746' title='bbox 2544 5330 2762 5404; x_wconf 90' lang='lat' dir='ltr'><strong>quidem</strong></span> <span class='ocrx_word' id='word_1_747' title='bbox 2792 5335 3051 5401; x_wconf 89' lang='lat' dir='ltr'><strong>quantum</strong></span> <span class='ocrx_word' id='word_1_748' title='bbox 3082 5327 3149 5383; x_wconf 88' lang='lat' dir='ltr'><strong>ad</strong></span> <span class='ocrx_word' id='word_1_749' title='bbox 3180 5341 3279 5382; x_wconf 93' lang='lat' dir='ltr'><strong>nos</strong></span> <span class='ocrx_word' id='word_1_750' title='bbox 3304 5323 3607 5380; x_wconf 74' lang='lat' dir='ltr'><strong>adulterium</strong></span> <span class='ocrx_word' id='word_1_751' title='bbox 3638 5329 3720 5390; x_wconf 88' lang='lat' dir='ltr'><strong>est,</strong></span> 
     </span>
    </p>
   </div>
   <div class='ocr_carea' id='block_1_75' title="bbox 515 5409 3719 5496">
    <p class='ocr_par' dir='ltr' id='par_1_75' title="bbox 515 5409 3719 5496">
     <span class='ocr_line' id='line_1_75' title="bbox 515 5409 3719 5496; baseline -0.001 -27"><span class='ocrx_word' id='word_1_752' title='bbox 515 5409 769 5488; x_wconf 46' lang='grc' dir='ltr'><strong>,Μοῖδεδο</strong></span> <span class='ocrx_word' id='word_1_753' title='bbox 802 5409 946 5496; x_wconf 48' lang='lat' dir='ltr'><strong>“inf</strong></span> <span class='ocrx_word' id='word_1_754' title='bbox 974 5409 1062 5488; x_wconf 51' lang='lat' dir='ltr'><strong>{ne</strong></span> <span class='ocrx_word' id='word_1_755' title='bbox 1092 5409 1208 5443; x_wconf 59' lang='lat' dir='ltr'><strong>“eo</strong></span> <span class='ocrx_word' id='word_1_756' title='bbox 1235 5409 1438 5461; x_wconf 53' lang='lat' dir='ltr'><strong>3mm“</strong></span> <span class='ocrx_word' id='word_1_757' title='bbox 1465 5409 1763 5451; x_wconf 56' lang='lat' dir='ltr'><strong>corwx&#39;w’</strong></span> <span class='ocrx_word' id='word_1_758' title='bbox 1799 5409 1853 5439; x_wconf 82' lang='grc'><strong>¹¹¹</strong></span> <span class='ocrx_word' id='word_1_759' title='bbox 1884 5409 2061 5439; x_wconf 52' lang='grc' dir='ltr'>’ω’ωδ</span> <span class='ocrx_word' id='word_1_760' title='bbox 2168 5424 2295 5496; x_wconf 91' lang='lat' dir='ltr'><strong>quia</strong></span> <span class='ocrx_word' id='word_1_761' title='bbox 2320 5421 2591 5478; x_wconf 86' lang='lat' dir='ltr'><strong>multoties</strong></span> <span class='ocrx_word' id='word_1_762' title='bbox 2618 5426 2774 5491; x_wconf 89' lang='lat' dir='ltr'><strong>pater</strong></span> <span class='ocrx_word' id='word_1_763' title='bbox 2801 5418 2933 5473; x_wconf 90' lang='lat' dir='ltr'><strong>emit</strong></span> <span class='ocrx_word' id='word_1_764' title='bbox 2960 5416 3195 5487; x_wconf 90' lang='lat' dir='ltr'><strong>aliquam</strong></span> <span class='ocrx_word' id='word_1_765' title='bbox 3227 5420 3517 5487; x_wconf 87' lang='lat' dir='ltr'><strong>stupratam</strong></span> <span class='ocrx_word' id='word_1_766' title='bbox 3544 5427 3573 5467; x_wconf 88' lang='lat' dir='ltr'><strong>a</strong></span> <span class='ocrx_word' id='word_1_767' title='bbox 3612 5409 3719 5478; x_wconf 85' lang='lat' dir='ltr'><strong>ﬁlio,</strong></span> 
     </span>
    </p>
   </div>
   <div class='ocr_carea' id='block_1_76' title="bbox 457 5478 3507 5577">
    <p class='ocr_par' dir='ltr' id='par_1_76' title="bbox 457 5478 3507 5577">
     <span class='ocr_line' id='line_1_76' title="bbox 457 5478 3507 5577; baseline 0.001 -24"><span class='ocrx_word' id='word_1_768' title='bbox 457 5479 557 5534; x_wconf 70' lang='grc' dir='ltr'><strong>ωίε</strong></span> <span class='ocrx_word' id='word_1_769' title='bbox 584 5495 801 5534; x_wconf 71' lang='grc' dir='ltr'><strong>δθηδωη</strong></span> <span class='ocrx_word' id='word_1_770' title='bbox 828 5478 1013 5535; x_wconf 54' lang='lat' dir='ltr'><strong>didm“</strong></span> <span class='ocrx_word' id='word_1_771' title='bbox 2169 5478 2433 5570; x_wconf 23' lang='lat' dir='ltr'><strong>e&#39;tvcontra</strong></span> <span class='ocrx_word' id='word_1_772' title='bbox 2460 5509 2602 5566; x_wconf 88' lang='lat' dir='ltr'><strong>ﬁlius</strong></span> <span class='ocrx_word' id='word_1_773' title='bbox 2618 5478 2716 5564; x_wconf 42' lang='lat' dir='ltr'><strong>‘vel</strong></span> <span class='ocrx_word' id='word_1_774' title='bbox 2742 5507 2907 5563; x_wconf 88' lang='lat' dir='ltr'><strong>frater</strong></span> <span class='ocrx_word' id='word_1_775' title='bbox 2934 5522 2967 5561; x_wconf 89' lang='lat' dir='ltr'><strong>a</strong></span> <span class='ocrx_word' id='word_1_776' title='bbox 2997 5478 3146 5577; x_wconf 73' lang='lat' dir='ltr'><strong>patre</strong></span> <span class='ocrx_word' id='word_1_777' title='bbox 3178 5478 3507 5574; x_wconf 76' lang='lat' dir='ltr'><strong>corruptam.</strong></span> 
     </span>
    </p>
   </div>
   <div class='ocr_carea' id='block_1_77' title="bbox 526 5590 2061 5659">
    <p class='ocr_par' dir='ltr' id='par_1_77' title="bbox 526 5590 2061 5659">
     <span class='ocr_line' id='line_1_77' title="bbox 526 5590 2061 5659; baseline -0.003 -13"><span class='ocrx_word' id='word_1_778' title='bbox 526 5593 758 5646; x_wconf 77' lang='lat' dir='ltr'><strong>Psrnus.</strong></span> <span class='ocrx_word' id='word_1_779' title='bbox 788 5593 907 5649; x_wconf 87' lang='lat' dir='ltr'><strong>Jam</strong></span> <span class='ocrx_word' id='word_1_780' title='bbox 938 5591 1067 5647; x_wconf 87' lang='lat' dir='ltr'><strong>satis</strong></span> <span class='ocrx_word' id='word_1_781' title='bbox 1110 5592 1312 5647; x_wconf 89' lang='lat' dir='ltr'><strong>dictum</strong></span> <span class='ocrx_word' id='word_1_782' title='bbox 1358 5598 1455 5657; x_wconf 85' lang='lat' dir='ltr'><strong>est,</strong></span> <span class='ocrx_word' id='word_1_783' title='bbox 1514 5591 1582 5645; x_wconf 90' lang='lat' dir='ltr'><strong>ad</strong></span> <span class='ocrx_word' id='word_1_784' title='bbox 1643 5590 1917 5659; x_wconf 87' lang='lat' dir='ltr'><strong>inceptum</strong></span> <span class='ocrx_word' id='word_1_785' title='bbox 1978 5601 2061 5642; x_wconf 92' lang='lat' dir='ltr'><strong>re-</strong></span> 
     </span>
    </p>
   </div>
   <div class='ocr_carea' id='block_1_78' title="bbox 455 5675 2057 5748">
    <p class='ocr_par' dir='ltr' id='par_1_78' title="bbox 455 5675 2057 5748">
     <span class='ocr_line' id='line_1_78' title="bbox 455 5675 2057 5748; baseline 0 -16"><span class='ocrx_word' id='word_1_786' title='bbox 455 5676 699 5735; x_wconf 89' lang='lat' dir='ltr'><strong>deamus.</strong></span> <span class='ocrx_word' id='word_1_787' title='bbox 731 5679 869 5748; x_wconf 88' lang='lat' dir='ltr'><strong>Quia</strong></span> <span class='ocrx_word' id='word_1_788' title='bbox 898 5680 999 5735; x_wconf 90' lang='lat' dir='ltr'><strong>Dei</strong></span> <span class='ocrx_word' id='word_1_789' title='bbox 1027 5679 1363 5736; x_wconf 85' lang='lat' dir='ltr'><strong>adversarios</strong></span> <span class='ocrx_word' id='word_1_790' title='bbox 1392 5680 1765 5735; x_wconf 82' lang='lat' dir='ltr'><strong>Mahometbus</strong></span> <span class='ocrx_word' id='word_1_791' title='bbox 1804 5675 2057 5748; x_wconf 63' lang='lat' dir='ltr'><strong>praedari,</strong></span> 
     </span>
    </p>
   </div>
   <div class='ocr_carea' id='block_1_79' title="bbox 457 5766 2058 5838">
    <p class='ocr_par' dir='ltr' id='par_1_79' title="bbox 457 5766 2058 5838">
     <span class='ocr_line' id='line_1_79' title="bbox 457 5766 2058 5838; baseline 0.001 -19"><span class='ocrx_word' id='word_1_792' title='bbox 457 5768 727 5838; x_wconf 89' lang='lat' dir='ltr'><strong>captivare</strong></span> <span class='ocrx_word' id='word_1_793' title='bbox 767 5776 819 5823; x_wconf 91' lang='lat' dir='ltr'><strong>et</strong></span> <span class='ocrx_word' id='word_1_794' title='bbox 873 5766 1168 5822; x_wconf 85' lang='lat' dir='ltr'><strong>interﬁcere</strong></span> <span class='ocrx_word' id='word_1_795' title='bbox 1216 5768 1394 5836; x_wconf 89' lang='lat' dir='ltr'><strong>jussit,</strong></span> <span class='ocrx_word' id='word_1_796' title='bbox 1451 5768 1623 5823; x_wconf 89' lang='lat' dir='ltr'><strong>donec</strong></span> <span class='ocrx_word' id='word_1_797' title='bbox 1678 5767 1765 5822; x_wconf 81' lang='lat' dir='ltr'><strong>vel</strong></span> <span class='ocrx_word' id='word_1_798' title='bbox 1818 5767 2058 5835; x_wconf 90' lang='lat' dir='ltr'><strong>credere,</strong></span> 
     </span>
    </p>
   </div>
   <div class='ocr_carea' id='block_1_80' title="bbox 458 5853 2060 5927">
    <p class='ocr_par' dir='ltr' id='par_1_80' title="bbox 458 5853 2060 5927">
     <span class='ocr_line' id='line_1_80' title="bbox 458 5853 2060 5927; baseline 0.003 -20"><span class='ocrx_word' id='word_1_799' title='bbox 458 5853 547 5910; x_wconf 81' lang='lat' dir='ltr'><strong>vel</strong></span> <span class='ocrx_word' id='word_1_800' title='bbox 589 5869 810 5910; x_wconf 86' lang='lat' dir='ltr'><strong>censum</strong></span> <span class='ocrx_word' id='word_1_801' title='bbox 839 5854 1143 5927; x_wconf 85' lang='lat' dir='ltr'><strong>persolvere</strong></span> <span class='ocrx_word' id='word_1_802' title='bbox 1188 5854 1500 5921; x_wconf 85' lang='lat' dir='ltr'><strong>voluissent,</strong></span> <span class='ocrx_word' id='word_1_803' title='bbox 1540 5871 1652 5912; x_wconf 90' lang='lat' dir='ltr'><strong>non</strong></span> <span class='ocrx_word' id='word_1_804' title='bbox 1697 5863 1779 5911; x_wconf 90' lang='lat' dir='ltr'><strong>est</strong></span> <span class='ocrx_word' id='word_1_805' title='bbox 1832 5857 1937 5913; x_wconf 86' lang='lat' dir='ltr'><strong>hoc</strong></span> <span class='ocrx_word' id='word_1_806' title='bbox 1990 5870 2060 5912; x_wconf 83' lang='lat' dir='ltr'><strong>ex</strong></span> 
     </span>
    </p>
   </div>
   <div class='ocr_carea' id='block_1_81' title="bbox 465 5927 3717 6015">
    <p class='ocr_par' dir='ltr' id='par_1_81' title="bbox 465 5927 3717 6015">
     <span class='ocr_line' id='line_1_81' title="bbox 465 5927 3717 6015; baseline -0.004 -19"><span class='ocrx_word' id='word_1_807' title='bbox 465 5937 565 5997; x_wconf 86' lang='lat' dir='ltr'><strong>Dei</strong></span> <span class='ocrx_word' id='word_1_808' title='bbox 619 5941 892 6014; x_wconf 82' lang='lat' dir='ltr'><strong>cperibus,</strong></span> <span class='ocrx_word' id='word_1_809' title='bbox 950 5956 1125 6013; x_wconf 83' lang='lat' dir='ltr'><strong>neque</strong></span> <span class='ocrx_word' id='word_1_810' title='bbox 1180 5944 1561 6015; x_wconf 79' lang='lat' dir='ltr'><strong>prophetarum</strong></span> <span class='ocrx_word' id='word_1_811' title='bbox 1612 5943 1831 6001; x_wconf 84' lang='lat' dir='ltr'><strong>cuilibet</strong></span> <span class='ocrx_word' id='word_1_812' title='bbox 1903 5943 2061 6014; x_wconf 85' lang='lat' dir='ltr'><strong>jussit</strong></span> <span class='ocrx_word' id='word_1_813' title='bbox 2238 5941 2479 5998; x_wconf 70' lang='lat' dir='ltr'><strong>Parens.</strong></span> <span class='ocrx_word' id='word_1_814' title='bbox 2510 5937 2885 5997; x_wconf 82' lang='lat' dir='ltr'><strong>Mahomethus</strong></span> <span class='ocrx_word' id='word_1_815' title='bbox 2912 5934 3070 5995; x_wconf 86' lang='lat' dir='ltr'><strong>valde</strong></span> <span class='ocrx_word' id='word_1_816' title='bbox 3116 5931 3343 5990; x_wconf 79' lang='lat' dir='ltr'><strong>feminas</strong></span> <span class='ocrx_word' id='word_1_817' title='bbox 3381 5927 3637 6003; x_wconf 80' lang='lat' dir='ltr'><strong>diligebat,</strong></span> <span class='ocrx_word' id='word_1_818' title='bbox 3674 5934 3717 5984; x_wconf 85' lang='lat' dir='ltr'><strong>et</strong></span> 
     </span>
    </p>
   </div>
   <div class='ocr_carea' id='block_1_82' title="bbox 525 5186 2059 5261">
    <p class='ocr_par' dir='ltr' id='par_1_82' title="bbox 525 5186 2059 5261">
     <span class='ocr_line' id='line_1_82' title="bbox 525 5186 2059 5261; baseline -0.005 -13"><span class='ocrx_word' id='word_1_819' title='bbox 525 5194 762 5249; x_wconf 76' lang='lat' dir='ltr'><strong>Parnus.</strong></span> <span class='ocrx_word' id='word_1_820' title='bbox 796 5190 1083 5261; x_wconf 89' lang='lat' dir='ltr'><strong>Quomodo</strong></span> <span class='ocrx_word' id='word_1_821' title='bbox 1110 5188 1255 5261; x_wconf 90' lang='lat' dir='ltr'><strong>quod</strong></span> <span class='ocrx_word' id='word_1_822' title='bbox 1285 5204 1522 5245; x_wconf 86' lang='lat' dir='ltr'><strong>errorem</strong></span> <span class='ocrx_word' id='word_1_823' title='bbox 1554 5196 1703 5244; x_wconf 90' lang='lat' dir='ltr'><strong>tuum</strong></span> <span class='ocrx_word' id='word_1_824' title='bbox 1732 5194 1931 5261; x_wconf 86' lang='lat' dir='ltr'><strong>augeat</strong></span> <span class='ocrx_word' id='word_1_825' title='bbox 1976 5186 2059 5242; x_wconf 85' lang='lat' dir='ltr'><strong>vis</strong></span> 
     </span>
    </p>
   </div>
   <div class='ocr_carea' id='block_1_83' title="bbox 451 5281 782 5339">
    <p class='ocr_par' dir='ltr' id='par_1_83' title="bbox 451 5281 782 5339">
     <span class='ocr_line' id='line_1_83' title="bbox 451 5281 782 5339; baseline -0.006 -2"><span class='ocrx_word' id='word_1_826' title='bbox 451 5281 723 5339; x_wconf 84' lang='lat' dir='ltr'><strong>addiscere</strong></span> <span class='ocrx_word' id='word_1_827' title='bbox 754 5283 782 5335; x_wconf 71' lang='lat'><strong>‘2</strong></span> 
     </span>
    </p>
   </div>
   <div class='ocr_carea' id='block_1_84' title="bbox 522 5382 2061 5461">
    <p class='ocr_par' dir='ltr' id='par_1_84' title="bbox 522 5382 2061 5461">
     <span class='ocr_line' id='line_1_84' title="bbox 522 5382 2061 5461; baseline -0.006 -15"><span class='ocrx_word' id='word_1_828' title='bbox 522 5392 769 5446; x_wconf 68' lang='lat' dir='ltr'><strong>Mersus.</strong></span> <span class='ocrx_word' id='word_1_829' title='bbox 802 5391 946 5446; x_wconf 86' lang='lat' dir='ltr'><strong>Bene</strong></span> <span class='ocrx_word' id='word_1_830' title='bbox 974 5404 1062 5444; x_wconf 90' lang='lat' dir='ltr'><strong>me</strong></span> <span class='ocrx_word' id='word_1_831' title='bbox 1092 5388 1208 5443; x_wconf 89' lang='lat' dir='ltr'><strong>Deo</strong></span> <span class='ocrx_word' id='word_1_832' title='bbox 1235 5385 1438 5461; x_wconf 87' lang='lat' dir='ltr'><strong>gratias</strong></span> <span class='ocrx_word' id='word_1_833' title='bbox 1465 5385 1763 5451; x_wconf 81' lang='lat' dir='ltr'><strong>correxisti,</strong></span> <span class='ocrx_word' id='word_1_834' title='bbox 1798 5383 1853 5439; x_wconf 92' lang='lat' dir='ltr'><strong>in</strong></span> <span class='ocrx_word' id='word_1_835' title='bbox 1880 5382 2061 5439; x_wconf 78' lang='lat' dir='ltr'><strong>verbis</strong></span> 
     </span>
    </p>
   </div>
   <div class='ocr_carea' id='block_1_85' title="bbox 2238 5625 3721 5694">
    <p class='ocr_par' dir='ltr' id='par_1_85' title="bbox 2238 5625 3721 5694">
     <span class='ocr_line' id='line_1_85' title="bbox 2238 5625 3721 5694; baseline -0.011 0"><span class='ocrx_word' id='word_1_836' title='bbox 2238 5639 2480 5694; x_wconf 76' lang='lat' dir='ltr'><strong>Morsas.</strong></span> <span class='ocrx_word' id='word_1_837' title='bbox 2519 5639 2582 5692; x_wconf 90' lang='lat' dir='ltr'><strong>In</strong></span> <span class='ocrx_word' id='word_1_838' title='bbox 2607 5632 2788 5692; x_wconf 88' lang='lat' dir='ltr'><strong>verbis</strong></span> <span class='ocrx_word' id='word_1_839' title='bbox 2835 5630 2939 5688; x_wconf 91' lang='lat' dir='ltr'><strong>tuis</strong></span> <span class='ocrx_word' id='word_1_840' title='bbox 2985 5646 3174 5688; x_wconf 88' lang='lat' dir='ltr'><strong>verum</strong></span> <span class='ocrx_word' id='word_1_841' title='bbox 3218 5627 3467 5685; x_wconf 86' lang='lat' dir='ltr'><strong>creditur.</strong></span> <span class='ocrx_word' id='word_1_842' title='bbox 3518 5625 3578 5681; x_wconf 87' lang='lat' dir='ltr'><strong>Ut</strong></span> <span class='ocrx_word' id='word_1_843' title='bbox 3615 5639 3721 5680; x_wconf 85' lang='lat' dir='ltr'><strong>vero</strong></span> 
     </span>
    </p>
   </div>
   <div class='ocr_carea' id='block_1_86' title="bbox 2170 5714 3718 5792">
    <p class='ocr_par' dir='ltr' id='par_1_86' title="bbox 2170 5714 3718 5792">
     <span class='ocr_line' id='line_1_86' title="bbox 2170 5714 3718 5792; baseline -0.012 -8"><span class='ocrx_word' id='word_1_844' title='bbox 2170 5728 2289 5785; x_wconf 81' lang='lat' dir='ltr'><strong>talis</strong></span> <span class='ocrx_word' id='word_1_845' title='bbox 2315 5724 2574 5782; x_wconf 89' lang='lat' dir='ltr'><strong>dissensio</strong></span> <span class='ocrx_word' id='word_1_846' title='bbox 2604 5723 2743 5779; x_wconf 85' lang='lat' dir='ltr'><strong>inter</strong></span> <span class='ocrx_word' id='word_1_847' title='bbox 2770 5724 2889 5778; x_wconf 63' lang='lat' dir='ltr'><strong>haec</strong></span> <span class='ocrx_word' id='word_1_848' title='bbox 2912 5725 3181 5792; x_wconf 70' lang='lat' dir='ltr'><strong>praecepta</strong></span> <span class='ocrx_word' id='word_1_849' title='bbox 3238 5724 3368 5785; x_wconf 87' lang='lat' dir='ltr'><strong>erat,</strong></span> <span class='ocrx_word' id='word_1_850' title='bbox 3427 5730 3581 5787; x_wconf 87' lang='lat' dir='ltr'><strong>quare</strong></span> <span class='ocrx_word' id='word_1_851' title='bbox 3620 5714 3718 5768; x_wconf 81' lang='lat' dir='ltr'><strong>Ma-</strong></span> 
     </span>
    </p>
   </div>
   <div class='ocr_carea' id='block_1_87' title="bbox 2169 5804 3536 5887">
    <p class='ocr_par' dir='ltr' id='par_1_87' title="bbox 2169 5804 3536 5887">
     <span class='ocr_line' id='line_1_87' title="bbox 2169 5804 3536 5887; baseline -0.011 -13"><span class='ocrx_word' id='word_1_852' title='bbox 2169 5819 2456 5875; x_wconf 77' lang='lat' dir='ltr'><strong>liomethus</strong></span> <span class='ocrx_word' id='word_1_853' title='bbox 2484 5813 2577 5887; x_wconf 90' lang='lat' dir='ltr'><strong>qui</strong></span> <span class='ocrx_word' id='word_1_854' title='bbox 2604 5820 2711 5870; x_wconf 89' lang='lat' dir='ltr'><strong>tam</strong></span> <span class='ocrx_word' id='word_1_855' title='bbox 2741 5809 2957 5886; x_wconf 88' lang='lat' dir='ltr'><strong>sapiens</strong></span> <span class='ocrx_word' id='word_1_856' title='bbox 2983 5807 3194 5867; x_wconf 88' lang='lat' dir='ltr'><strong>videtur</strong></span> <span class='ocrx_word' id='word_1_857' title='bbox 3219 5805 3333 5863; x_wconf 85' lang='lat' dir='ltr'><strong>ﬁeri</strong></span> <span class='ocrx_word' id='word_1_858' title='bbox 3355 5804 3536 5877; x_wconf 85' lang='lat' dir='ltr'><strong>jussit.</strong></span> 
     </span>
    </p>
   </div>
  </div>
