3966 6408
185 449 312 501 605

1691 441 1979 500 DIALOGI
1992 483 2004 496 .

3410 447 3514 501 606

183 571 536 641 pernimium
567 570 876 628 luxuriosus
915 575 1048 633 erat,
1106 574 1160 624 et
1192 566 1352 624 sicuti
1399 567 1632 639 ipsemet
1681 582 1803 639 pro-
1831 567 1887 630 Α
1915 581 2050 640 ergo
2107 563 2362 634 modis,o
2393 568 2629 640 Moyses,
2684 582 2974 639 possumus
3031 583 3332 641 agnoscere
3389 584 3514 624 eum

184 659 387 715 fessus
417 667 517 725 est,
550 660 632 715 vis
665 658 891 715 luxuria:
933 656 1296 728 quadraginta
1368 657 1646 712 hominum
1666 657 1720 710 in
1748 671 1814 712 eo

181 749 480 804 manebat.
525 751 588 804 Et
625 749 854 803 maxime
892 747 1020 818 quia
1062 745 1280 800 Arabes
1334 745 1494 801 valde
1553 745 1814 800 luxuriosi

183 845 380 902 erant,
416 837 675 893 voluntati
705 851 898 892 eorum
927 843 979 889 ut
1010 834 1307 890 crederent
1337 834 1620 890 satisfecit.
1653 833 1814 903 Quod

182 925 266 980 de
298 926 525 996 propria
577 924 907 998 cognatione
939 923 1141 978 habere
1171 937 1366 978 uxores
1420 922 1650 987 dixeris,
1695 937 1815 980 mos

185 1022 324 1069 erat
355 1014 614 1069 omnibus
655 1023 784 1069 tunc
813 1011 1092 1083 temporis,
1140 1019 1198 1066 ut
1228 1011 1374 1067 inter
1403 1027 1499 1066 eos
1557 1010 1814 1067 amicitiai

181 1102 491 1158 vinculum
526 1103 766 1173 vigeret.
806 1099 1114 1169 Dejudiciis
1149 1099 1300 1154 unde
1321 1114 1489 1170 supra
1515 1099 1722 1163 dixisti,
1754 1098 1810 1153 in

184 1191 532 1262 quibusdam
564 1206 699 1246 sane
729 1189 900 1260 Moysi
930 1187 1274 1244 consentiunt
1302 1187 1436 1259 legi,
1491 1187 1546 1242 in
1576 1187 1806 1259 quibus-

184 1279 331 1333 dam
361 1294 490 1334 vero
520 1278 876 1343 dissentiunt,
931 1276 1074 1348 quod
1097 1276 1407 1331 Mahometh
1440 1275 1566 1332 fecit
1622 1285 1679 1330 ut
1707 1275 1811 1330 ali-

187 1366 524 1439 quantulum
569 1366 789 1422 diversa
845 1372 992 1421 esset
1019 1364 1105 1420 lex
1150 1379 1245 1419 sua
1277 1379 1311 1418 a
1345 1363 1469 1435 lege
1522 1364 1715 1434 Moysi.
1764 1366 1808 1418 Α

186 1456 334 1511 vino
366 1456 490 1511 ideo
518 1470 737 1526 semper
767 1455 1043 1510 abstinere
1069 1454 1347 1525 jubentur,
1381 1468 1450 1508 ne
1504 1451 1642 1508 forte
1671 1451 1809 1508 socii

179 1543 450 1600 inebriati
480 1543 852 1615 patefacerent
882 1543 1093 1598 ruinam
1134 1541 1347 1613 pepuli.
1386 1540 1522 1609 Quae
1541 1541 1608 1597 de
1637 1556 1806 1611 para-

177 1640 318 1697 diso
343 1640 656 1712 praedicasti
685 1638 1151 1712 praetermittenda
1207 1645 1353 1704 sunt,
1413 1637 1540 1710 quia
1593 1637 1804 1695 ratione

177 1750 303 1791 non
324 1742 553 1806 possunt
595 1733 972 1806 comprobari.
1012 1733 1272 1804 Separata
1301 1732 1504 1805 quippe
1533 1731 1724 1787 anima
1769 1743 1800 1782 a

178 1840 430 1897 corpore
458 1833 510 1880 et
531 1832 764 1896 quatuor
793 1822 1088 1880 elementis
1117 1839 1146 1877 a
1179 1839 1237 1878 se
1251 1821 1486 1878 invicem
1508 1821 1795 1893 separatis,

177 1938 307 1977 non
365 1927 553 1978 utetur
605 1923 772 1977 homo
803 1922 886 1974 his
932 1920 1093 1976 rebus
1124 1919 1499 1988 saecularibus,
1533 1935 1600 1976 eo
1632 1919 1793 1975 modo
1823 1929 1876 1988 Β

179 2027 302 2083 quo
336 2010 516 2081 prius,
540 2011 684 2081 quod
713 2024 879 2080 supra
912 2008 1301 2064 damnavimus
1331 2010 1385 2062 in
1408 2009 1562 2064 titulo
1615 2008 1795 2076 tertio,

180 2100 284 2154 ubi
323 2099 490 2155 locuti
530 2114 719 2154 sumus
751 2099 820 2154 de
875 2098 1280 2154 resurrectione
1310 2105 1665 2154 mortuorum.
1697 2096 1799 2154 Sa-

179 2196 351 2268 piens
383 2195 612 2252 minime
633 2195 947 2266 hujusmodi
979 2195 1291 2264 paradisum
1321 2195 1516 2260 credit,
1549 2209 1651 2250 nec
1680 2193 1800 2248 tali-

182 2286 296 2340 bus
345 2284 617 2356 decipitur
670 2284 878 2340 verbis.
949 2283 1212 2340 Homines
1268 2291 1450 2338 autem
1531 2281 1800 2354 temporis

176 2380 545 2445 Mahomethi,
597 2379 716 2435 sine
770 2379 917 2452 lege,
971 2379 1093 2435 sine
1116 2380 1408 2450 scriptura,
1444 2379 1610 2434 totius
1661 2377 1793 2435 boni

177 2468 365 2536 inscii,
399 2476 596 2540 praeter
623 2469 874 2524 militiam
906 2476 959 2524 et
991 2477 1257 2534 aratrum,
1295 2477 1615 2540 appetentes
1636 2468 1798 2522 luxu-

180 2557 346 2623 riam,
379 2557 661 2629 deditique
709 2558 873 2629 gulae,
898 2556 1054 2614 facile
1103 2557 1408 2614 secundum
1459 2557 1794 2613 voluntatem

178 2654 523 2710 eorumdem
555 2654 837 2726 pradicari
866 2654 1205 2726 poterant.Si
1219 2653 1364 2710 enim
1393 2653 1552 2711 aliter
1565 2653 1795 2720 faceret,

179 2759 295 2799 non
313 2743 386 2799 ad
413 2743 595 2817 legem
634 2759 788 2798 suam
819 2758 914 2800 eos
934 2742 1262 2814 impelleret.

257 2876 518 2942 Movses,
550 2875 774 2948 Absque
801 2876 900 2931 Dei
913 2875 1189 2946 adjutorio
1212 2876 1334 2932 talis
1351 2891 1585 2950 namque
1601 2891 1802 2949 magna

191 2980 334 3036 gens
359 2979 466 3020 non
497 2966 552 3020 in
581 2981 702 3022 eum
733 2965 998 3022 crederet.

258 3089 495 3145 Pramus.
533 3089 589 3146 Si
619 3104 743 3146 cum
774 3088 874 3146 Dei
923 3089 1196 3159 adjutorio
1246 3096 1440 3146 cuncta
1469 3088 1799 3162 peregisset,

193 3194 303 3234 non
334 3178 608 3234 multoties
651 3177 902 3234 devictus
959 3177 1169 3245 fuisset,
1201 3195 1303 3235 nec
1359 3187 1416 3234 ut
1443 3194 1612 3250 supra
1666 3177 1804 3233 dixi-

1920 671 2099 728 neque
2127 671 2316 711 verum
2347 657 2666 728 prophetam
2695 672 2840 725 esse,
2862 657 3196 728 nequedicta
3226 657 3372 712 illius
3390 673 3520 713 vera

1920 745 2057 800 fore.
2093 746 2240 800 Licet
2269 745 2442 801 multa
2473 763 2594 818 quae
2623 746 2692 802 de
2735 761 2800 802 eo
2821 746 3007 802 dicere
3036 762 3334 818 possumus
3381 762 3520 817 prae-

1922 835 2490 900 termittamus,unum
2515 843 2696 890 tamen
2723 834 2868 906 quod
2909 843 3076 891 noset
3107 850 3204 891 vos
3244 835 3518 891 credimus

1919 923 2363 989 intromittamus,
2411 923 2689 979 Christum
2740 923 2951 980 scilicet
3008 939 3171 995 quem
3229 924 3514 996 mqualiter

1918 1012 2190 1067 credimus
2221 1021 2489 1068 mortuum
2537 1021 2589 1068 et
2633 1011 2968 1076 cruciﬁxum,
3003 1016 3121 1084 ipse
3149 1013 3402 1085 denegat.
3431 1013 3521 1069 Ait

1918 1101 2062 1156 enim
2087 1101 2204 1171 ipse
2237 1118 2248 1154 :
2283 1101 2554 1155 Christum
2605 1117 2715 1157 non
2755 1101 3074 1158 occiderunt
3122 1117 3300 1174 neque
3345 1101 3518 1158 cruci-

1917 1188 2168 1258 ﬁxerunt,
2226 1189 2325 1244 sed
2367 1188 2540 1244 visum
2573 1197 2655 1243 est
2685 1189 2814 1244 illis.
2846 1191 2967 1244 Non
3024 1190 3200 1245 solum
3223 1197 3406 1244 autem
3460 1190 3516 1244 in

1915 1280 2021 1333 hoc
2078 1277 2396 1332 mendacem
2429 1293 2554 1332 eum
2585 1277 2850 1347 invenies,
2883 1277 2978 1334 sed
3010 1293 3204 1334 omnes
3260 1278 3433 1334 libros
3463 1286 3518 1334 et

1913 1362 2304 1433 prephetarum
2360 1362 2502 1418 dicta
2551 1362 2758 1434 relege,
2819 1370 2872 1417 et
2919 1363 2971 1417 in
3031 1363 3242 1418 cunctis
3289 1379 3410 1434 quas
3447 1363 3515 1418 de

1910 1449 2045 1521 ipsis
2079 1449 2236 1517 dixit,
2268 1449 2551 1505 mentitum
2584 1449 2852 1522 reperies.
2892 1450 3176 1520 Quomodo
3205 1465 3338 1521 ergo
3365 1451 3516 1507 illum

1909 1538 2236 1594 mendacem
2273 1554 2360 1593 me
2389 1538 2616 1594 credere
2660 1538 2918 1604 hortaris,
2974 1555 3098 1595 cum
3153 1539 3208 1594 in
3263 1539 3515 1596 omnibus

1910 1626 2157 1684 fallacem
2190 1625 2467 1682 inveneris
2486 1629 2512 1680 εν
2534 1625 2633 1682 Dei
2667 1625 3071 1698 omnipotentis
3102 1627 3371 1700 deprecor
3399 1628 3515 1699 pie-

1906 1723 2093 1782 tatem,
2125 1722 2184 1770 ut
2212 1730 2301 1771 mo
2329 1715 2397 1769 ab
2433 1715 2576 1770 illius
2602 1731 2791 1771 errore
2847 1716 3044 1773 liberet
3067 1724 3122 1773 et
3165 1732 3327 1788 quam
3369 1716 3513 1790 ccepi

1905 1804 2085 1877 legem
2105 1803 2331 1876 implere
2361 1803 2631 1877 perﬁciat.
2670 1804 2862 1860 Amen.

2489 1973 2782 2030 TITULUS
2822 1975 2891 2028 VI
2905 2014 2918 2027 .

2498 2098 2573 2154 De
2621 2098 2921 2155 Trinitate.

1981 2212 2240 2269 Movsas.
2277 2212 2420 2268 Satis
2448 2214 2726 2287 hucusque
2755 2224 2938 2272 contra
2963 2222 3173 2273 sectam
3206 2223 3447 2273 nostram
3459 2224 3514 2274 et

1909 2309 2114 2357 sectam
2174 2302 2594 2358 Sarracenorum
2655 2305 2982 2376 disputatum
3049 2313 3154 2361 est.
3214 2307 3511 2379 Utramque

1909 2390 2072 2454 enim,
2125 2399 2233 2445 tum
2282 2407 2348 2447 ex
2380 2391 2611 2459 ratione,
2666 2401 2780 2448 tum
2837 2410 2902 2448 ex
2951 2395 3268 2451 auctoritate
3323 2396 3513 2452 confu-

1907 2487 2059 2542 tasti.
2099 2489 2256 2544 Nunc
2285 2498 2464 2546 autem
2521 2490 2699 2562 qualis
2754 2491 2826 2546 sit
2853 2499 2946 2546 tua
2996 2491 3134 2547 fides
3161 2508 3395 2563 expone,
3451 2501 3506 2550 et

1908 2577 2132 2632 modum
2157 2585 2264 2634 tuae
2291 2579 2628 2635 credulitatis
2658 2579 2761 2635 sub
2793 2580 3046 2652 capitulis
3077 2580 3377 2653 distingue.

1980 2693 2239 2748 Parens.
2275 2694 2332 2746 In
2366 2692 2474 2748 mei
2504 2693 2772 2765 principio
2799 2693 2946 2761 libri,
2977 2710 3115 2751 meae
3138 2695 3253 2764 jam
3285 2695 3507 2752 modum

1908 2780 2246 2836 credulitatis
2291 2781 2392 2836 sub
2449 2781 2617 2838 titulis
2660 2783 2758 2838 tibi
2815 2782 3063 2855 praedixi.
3118 2784 3281 2840 Nunc
3326 2791 3511 2839 autem

1909 2886 2094 2941 quaere
2115 2870 2218 2926 sub
2247 2870 2488 2942 quolibet
2514 2871 2670 2927 titulo
2700 2873 2757 2926 in
2785 2871 3353 2943 eodemjdisputando,
3387 2881 3440 2929 et
3457 2873 3512 2929 li-

1908 2967 2028 3014 ceat
2057 2958 2154 3014 tibi
2183 2958 2231 3014 si
2251 2959 2493 3030 potueris
2527 2977 2647 3032 qua
2666 2975 2798 3016 ame
2811 2960 2955 3017 dicta
2977 2960 3184 3016 fuerint
3205 2961 3506 3018 destruere.

1982 3076 2247 3130 Movsas.
2296 3075 2415 3130 Hoc
2466 3074 2737 3141 desidero,
2773 3073 2818 3130 si
2845 3083 3057 3147 potero.
3108 3078 3267 3133 Nunc
3322 3076 3508 3148 itaque

1909 3161 2160 3234 incipiam
2191 3178 2440 3234 quaarere
2496 3163 2565 3218 de
2595 3163 2771 3236 prima
2795 3171 2901 3221 tua:
2949 3163 3285 3220 credulitatis
3332 3172 3505 3236 parte,

187 3283 330 3333 mus,
365 3268 556 3324 dentes
577 3266 722 3322 illius
742 3265 799 3322 in
830 3267 973 3323 bello
1003 3267 1366 3340 crepuissent,
1411 3268 1499 3338 qui
1531 3276 1588 3322 ut
1615 3268 1798 3324 caeteri

1918 3251 2113 3308 scilicet
2143 3252 2416 3324 quomodo
2444 3253 2592 3308 Deus
2613 3260 2697 3308 est
2724 3269 2882 3322 unus,
2916 3261 2969 3308 et
2997 3261 3108 3310 tres
3138 3269 3406 3324 personas,
3428 3253 3504 3309 ita

190 3373 352 3430 reges
383 3356 718 3420 vincebatur,
771 3364 824 3412 et
853 3356 1102 3413 vincebat
1157 3355 1474 3429 aliquando.
1515 3357 1624 3412 Sed
1673 3364 1795 3427 post

193 3453 424 3500 mortem
459 3444 630 3516 ipsius
655 3460 848 3500 omnes
879 3446 948 3499 ab
976 3445 1095 3515 ejus
1125 3445 1249 3516 lege
1279 3445 1566 3501 discedere
1598 3445 1794 3500 volue-

201 3541 345 3588 runt.
377 3535 501 3604 Ipse
529 3533 678 3588 enim
713 3534 920 3589 dixerat
949 3534 1104 3589 tertio
1135 3533 1224 3589 die
1253 3549 1454 3605 corpus
1481 3549 1639 3589 suum
1693 3533 1794 3589 de-

190 3620 472 3677 ferendum
493 3637 626 3677 esse
649 3622 720 3676 ad
742 3621 960 3678 coelum.
992 3623 1059 3678 Ut
1091 3637 1225 3677 vero
1267 3622 1419 3676 illum
1470 3623 1792 3678 mendacem

189 3718 585 3782 cognoverunt,
625 3717 677 3766 et
701 3709 943 3766 cadaver
984 3709 1174 3765 fmtere
1204 3711 1478 3775 viderunt,
1518 3710 1794 3766 inhumato

191 3814 421 3870 corpore
447 3797 851 3870 maxima'pars
873 3799 1152 3856 discessit.
1217 3799 1369 3854 Alius
1425 3807 1600 3854 autem
1657 3799 1794 3854 Abi-

195 3887 349 3942 tharii
372 3888 539 3954 filius,
566 3888 784 3959 quidam
807 3904 872 3942 ex
903 3889 1093 3944 decem
1134 3888 1461 3944 Mahomethi
1501 3887 1792 3955 consociis,

202 3995 319 4057 post
339 3995 570 4041 mortem
601 3985 780 4058 ipsius
809 4002 1041 4059 regnum
1072 3986 1304 4057 adeptus
1335 3995 1440 4042 est.
1473 3986 1575 4055 Qui
1597 3986 1794 4043 blande

192 4074 520 4146 pradicavit,
559 4082 614 4130 et
643 4074 841 4130 callide
871 4074 1153 4130 admonuit
1201 4075 1267 4129 ad
1298 4075 1633 4131 credendum
1664 4091 1798 4147 gen-

196 4172 290 4231 tes,
322 4172 372 4220 et
401 4163 533 4218 dixit
589 4163 710 4217 illos
770 4178 878 4219 non
911 4163 1049 4219 bene
1096 4163 1406 4236 intelligere
1461 4163 1797 4219 Mahomethi

201 4267 529 4308 sermonem.
581 4253 982 4318 Mahomethus,
1045 4252 1235 4324 inquit,
1293 4268 1400 4308 non
1431 4251 1587 4320 dixit,
1647 4251 1797 4324 quod

199 4347 314 4395 ante
343 4339 682 4410 sepulturam
740 4339 824 4394 vel
884 4339 1191 4395 videntibus
1248 4339 1559 4394 hominibus
1607 4339 1796 4395 suble-

202 4437 417 4485 varetur
446 4428 513 4482 ad
544 4427 765 4484 coelum.
797 4428 942 4483 Dixit
973 4428 1179 4500 quippe
1209 4428 1354 4499 quod
1396 4436 1519 4498 post
1550 4428 1800 4498 sepultu-

203 4533 314 4572 ram
370 4517 638 4586 corporis,
698 4516 880 4588 angeli
943 4533 1067 4572 eum
1151 4517 1523 4573 nescientibus
1581 4516 1798 4572 cunctis

205 4604 423 4661 delaturi
451 4613 636 4659 essent
693 4605 762 4659 ad
793 4604 1012 4673 coelum,
1076 4604 1237 4667 unde,
1271 4605 1395 4676 quia
1446 4604 1627 4659 statim
1687 4620 1792 4659 non

209 4710 321 4749 eum
365 4692 711 4763 sepelierunt,
761 4693 969 4749 idcirco
1015 4691 1204 4748 foetere
1252 4692 1473 4764 incepit,
1507 4703 1563 4748 ut
1617 4693 1794 4748 statim

207 4781 540 4853 sepeliretur.
578 4782 687 4836 [Iac
718 4797 853 4854 ergo
885 4797 1048 4836 causa
1101 4789 1321 4853 gentem
1353 4782 1407 4836 in
1439 4798 1629 4838 errore
1680 4781 1793 4852 pri-

210 4869 334 4925 stino
364 4885 663 4940 parumper
711 4869 966 4925 detinuit.
1033 4869 1182 4924 Duos
1241 4870 1435 4925 fratres
1492 4870 1793 4941 scriptores

211 4957 544 5027 Mahomelhi,
582 4958 801 5013 nomine
853 4959 1056 5022 llazan,
1117 4966 1169 5013 et
1202 4958 1422 5023 Hozain,
1475 4959 1704 5030 jejuniis
1745 4967 1797 5014 et

211 5047 394 5120 vigiliis
443 5047 655 5103 fortiter
684 5061 918 5116 corpora
959 5054 1314 5112 macerantes,
1367 5063 1507 5118 pene
1563 5047 1633 5102 ad
1666 5062 1798 5102 mor-

212 5144 308 5190 tem
339 5137 699 5192 devenerunt.
736 5137 891 5190 Pater
920 5151 1051 5190 vero
1103 5151 1288 5191 eorum
1319 5152 1466 5207 saepe
1518 5136 1662 5192 filios
1710 5136 1796 5190 ad-

214 5225 470 5291 monebat,
531 5241 601 5280 ne
658 5241 756 5296 per
819 5232 927 5279 tam
985 5224 1203 5296 longam
1234 5224 1657 5280 macerationem
1700 5241 1796 5279 sua

215 5313 484 5385 fatigarent
533 5329 790 5384 corpora.
842 5315 969 5382 Ipse
999 5321 1184 5367 autem
1230 5313 1424 5368 videns
1466 5313 1585 5370 illos
1607 5313 1798 5368 stultos

217 5419 340 5467 esse,
396 5411 446 5456 et
494 5402 563 5457 ad
625 5401 818 5457 mortis
863 5401 1066 5456 ostium
1121 5418 1230 5471 prze
1260 5401 1426 5458 nimio
1480 5401 1797 5470 laborejam

219 5490 499 5554 devenisse,
525 5491 593 5546 de
642 5491 984 5546 Mahometho
1042 5489 1117 5544 uti
1173 5498 1296 5545 erat
1345 5506 1457 5546 rem
1507 5490 1788 5562 patefecit.

222 5580 427 5652 Cognita
447 5587 627 5634 autem
660 5579 902 5651 nequitia
931 5578 1078 5633 illius
1103 5594 1131 5633 a
1156 5585 1328 5650 patre,
1381 5585 1668 5650 coeperunt
1697 5595 1798 5635 co-

222 5678 440 5743 medere,
473 5685 524 5732 et
554 5677 734 5732 vinum
769 5677 972 5742 bibere,
1007 5684 1062 5730 et
1109 5676 1245 5732 sicut
1275 5675 1328 5730 in
1352 5691 1451 5730 sua
1507 5675 1631 5748 lege
1685 5677 1800 5731 for-

225 5767 496 5823 titerantea
525 5765 863 5837 perstabant,
912 5764 984 5819 ita
1040 5764 1274 5837 denique
1329 5765 1521 5837 legem
1552 5765 1802 5837 quamvis

226 5873 316 5912 non
355 5871 415 5912 ex
473 5863 586 5911 toto
613 5853 888 5911 dimittere
917 5862 1218 5926 coeperunt.
1253 5853 1361 5910 Sed
1392 5855 1643 5928 quaedam
1665 5869 1795 5925 pars

229 5945 382 6019 gentis
411 5945 544 6002 istos
574 5945 628 6002 in
659 5944 1048 6003 consuetudine
1077 5944 1309 6003 insecuti
1348 5953 1490 6002 sunt.
1526 5943 1802 6002 Omnibus

1904 3348 1960 3396 ut
1989 3340 2137 3396 nulla
2181 3341 2379 3396 harum
2435 3341 2676 3398 anterior
2720 3341 3043 3398 naturaliter
3094 3342 3204 3398 alia
3259 3351 3505 3414 tempore

1903 3429 1991 3495 sit,
2023 3445 2125 3485 nec
2149 3429 2256 3486 alia
2290 3429 2722 3486 substantialiter
2765 3438 3051 3502 separetur
3078 3431 3148 3486 ab
3204 3431 3337 3497 alia,
3363 3446 3500 3504 quas

1905 3518 2156 3574 videlicet
2187 3518 2477 3574 Christiani
2534 3520 2754 3575 Patrem
2803 3527 2856 3573 et
2907 3519 3101 3574 Filium
3126 3528 3180 3575 et
3235 3519 3495 3591 Spiritum

1903 3615 2148 3662 sanctum
2177 3606 2386 3664 dicunt.
2445 3607 2654 3664 Deinde
2673 3607 2744 3663 de
2769 3607 2892 3663 aliis
2938 3611 3046 3664 tua:
3077 3607 3320 3679 partibus
3369 3623 3496 3664 cre-

1903 3695 2145 3751 dulitatis
2184 3695 2598 3766 disputabimus,
2656 3697 2830 3752 donec
2859 3712 3050 3754 omnes
3105 3697 3494 3768 compleamus.

1903 3783 2153 3855 Explana
2207 3800 2342 3857 ergo
2395 3784 2521 3856 quid
2571 3783 2680 3840 sint
2729 3783 2817 3841 hae
2855 3792 2967 3840 tres
2995 3801 3268 3858 persona,
3301 3794 3358 3842 et
3397 3787 3502 3842 hoc

1899 3873 2145 3944 primum
2177 3873 2586 3929 rationabiliter.

1975 3971 2227 4028 Penus.
2262 3971 2395 4027 Volo
2425 3979 2537 4027 tres
2567 3987 2851 4043 personas,
2885 3972 3267 4041 substantiam,
3287 3973 3506 4045 sapien~

1903 4059 2050 4124 tiam,
2084 4067 2139 4116 et
2185 4061 2522 4117 voluntatem
2555 4060 2757 4117 dicere’.
2817 4061 2947 4118 Ideo
2977 4069 3156 4118 autem
3213 4077 3502 4133 personam

1901 4149 2134 4220 primam
2157 4149 2516 4204 substantiam
2545 4149 2780 4221 appello,
2808 4150 2937 4222 quia
2978 4151 3032 4205 in
3060 4150 3181 4223 ipsa
3210 4158 3264 4206 et
3292 4150 3363 4207 de
3382 4149 3504 4222 ipsa

1904 4246 2028 4293 sunt
2056 4237 2322 4310 sapientia
2348 4245 2403 4293 et
2439 4237 2710 4306 voluntas,
2749 4245 2803 4294 et
2829 4239 2948 4310 ipsa
2977 4239 3046 4295 de
3103 4239 3270 4306 nullo,
3303 4255 3498 4312 quam-

1903 4326 1986 4382 vis
2016 4334 2129 4382 tres
2157 4343 2412 4398 personae
2441 4342 2630 4383 omnes
2661 4327 2772 4382 sint
2799 4343 2905 4382 una
2934 4328 3265 4384 substantia.

1975 4444 2240 4499 Mersus.
2275 4445 2579 4500 Possuntne
2611 4443 2817 4500 ratione
2843 4443 3077 4500 inveniri
3105 4444 3224 4502 haec
3246 4443 3346 4500 tria
3367 4443 3395 4498 ?

1978 4559 2236 4614 Pramus.
2275 4559 2524 4613 Possunt.
2587 4559 2726 4613 Nam
2757 4558 2811 4613 in
2837 4559 3013 4630 prima
3043 4567 3198 4630 parte
3227 4559 3334 4615 mei
3381 4559 3504 4615 libri

1823 4644 1874 4704 D
1907 4645 1975 4702 de
2033 4645 2332 4701 substantia
2381 4646 2595 4717 quidem
2646 4647 2776 4701 satis
2833 4647 3198 4720 ﬁrmiterque,
3251 4648 3374 4719 quia
3435 4648 3502 4704 sit

1905 4734 2276 4801 tractavimus,
2333 4749 2437 4790 nec
2465 4735 2606 4790 ultra
2660 4735 2729 4790 de
2755 4751 2820 4792 ea
2869 4753 3118 4808 quaerere
3150 4736 3490 4808 indigemus.

1907 4823 2014 4878 Sed
2045 4833 2228 4878 utrum
2258 4823 2528 4894 sapientia
2551 4831 2604 4880 et
2632 4824 2880 4880 voluntas
2911 4825 3014 4896 ipsi
3043 4825 3208 4880 insint
3237 4825 3502 4880 substan-

1906 4912 2012 4977 tias,
2045 4919 2211 4967 restat
2239 4912 2665 4983 explanandum.

1976 5020 2240 5074 Movsas.
2274 5019 2385 5075 Hoc
2415 5019 2699 5093 interrogo
2729 5036 2859 5092 ego.

1977 5134 2234 5190 Penus.
2285 5137 2428 5188 Cum
2479 5133 2648 5208 igitur
2695 5142 2909 5192 constet
2958 5151 3085 5192 vere
3139 5137 3504 5196 substantiam

1908 5239 2049 5288 esse,
2083 5231 2135 5278 et
2156 5224 2327 5294 ipsam
2357 5224 2679 5281 creatricem
2711 5225 2951 5280 omnium
2984 5242 3188 5294 rerum,
3209 5235 3262 5282 et
3291 5227 3503 5284 initium

1907 5321 2258 5389 initiatarum,
2312 5328 2364 5376 et
2407 5321 2682 5378 factricem
2737 5323 3092 5391 facturarum,
3136 5340 3365 5381 necesse
3420 5336 3506 5382 est

1909 5419 1965 5464 ut
1989 5410 2182 5466 habeat
2202 5410 2526 5480 sapientiam
2562 5419 2612 5467 cl
2634 5411 2983 5479 voluntatem,
3043 5420 3096 5467 ut
3130 5413 3340 5470 scilicet
3369 5415 3506 5472 sciat

1908 5499 2000 5571 qui
2059 5499 2238 5555 facere
2287 5499 2434 5567 velit,
2485 5508 2776 5572 antequam
2825 5501 3012 5558 facere
3068 5502 3197 5558 velit
3252 5504 3376 5575 quia
3431 5504 3509 5560 fa-

1909 5588 2035 5646 ciat.
2070 5595 2200 5642 etut
2230 5587 2394 5642 etiam
2433 5597 2723 5660 antequam
2778 5604 2917 5659 opus
2940 5590 2994 5644 in
3042 5590 3509 5650 demonstratione

1911 5677 2152 5748 prodeat,
2185 5677 2333 5748 prius
2365 5676 2418 5730 in
2458 5677 2642 5732 animo
2696 5677 3044 5750 imaginando
3101 5678 3388 5747 formatur,
3448 5691 3506 5737 et

1910 5768 2024 5822 haec
2046 5765 2360 5839 imaginatio
2409 5774 2490 5821 est
2522 5766 2806 5837 sapientia.
2841 5768 2970 5821 Cum
3002 5775 3187 5824 autem
3223 5769 3302 5822 sic
3340 5769 3504 5840 sapit,

1909 5864 2000 5912 aut
2053 5854 2198 5924 facit,
2256 5862 2350 5911 aut
2400 5871 2509 5910 non
2552 5855 2699 5911 facit.
2751 5856 2870 5910 Non
2920 5863 3098 5912 autem
3148 5857 3295 5923 facit,
3319 5857 3365 5911 si
3394 5873 3506 5913 non

1909 5945 2062 6005 velit.
2103 5943 2162 6002 Si
2217 5958 2347 6002 vero
2400 5942 2546 6010 facit,
2597 5951 2651 6000 et
2700 5942 2834 6016 vult,
2866 5951 2917 6000 et
2965 5945 3080 6002 haec
3100 5953 3183 6002 est
3232 5945 3500 6002 voluntas.
