3966 6464
479 411 581 468 607

1414 408 1614 464 PETRI
1651 410 2000 467 ALPHONSI
2037 411 2138 469 EX
2175 412 2416 471 θυι)Εο
2454 413 2861 472 CHRISTIANI

3701 413 3832 473 608

477 535 625 610 Ergo
681 544 906 611 apparet
960 536 1015 592 in
1045 544 1226 594 nostro
1282 551 1552 602 sermone,
1585 551 1721 606 opus
1749 536 1927 608 praeiri
1983 553 2076 592 sa-
2108 539 2161 599 A
2195 546 2456 609 tempore,
2489 555 2665 611 neque
2718 540 3013 597 substantia
3039 539 3274 598 anterior
3326 539 3477 614 ipsis,
3538 548 3829 614 potestne

478 626 680 697 pientia
734 634 787 682 et
815 627 1107 682 voluntate.
1169 625 1353 680 Mundi
1402 640 1536 697 ergo
1594 624 1832 690 Creator,
1894 641 2080 681 creare

477 715 680 785 aliquid
726 715 983 787 nequivit,
1033 722 1323 786 antequam
1380 713 1437 768 in
1487 728 1552 768 eo
1584 729 1776 785 sapere
1833 722 1975 769 esset
2030 722 2083 769 et

480 802 640 860 velle.

548 912 805 968 Mersus.
842 911 1040 967 Verum
1070 918 1169 966 est.

545 1016 803 1073 Parens.
834 1016 985 1091 Ergo
1031 1018 1177 1073 Deus
1230 1024 1309 1071 est
1364 1014 1679 1082 substantia,
1706 1015 1991 1088 sapientia,
2024 1024 2080 1071 et

479 1105 749 1162 voluntas.

545 1214 808 1269 Movsrrs.
862 1213 1061 1267 Verum
1104 1220 1202 1267 est.
1236 1211 1344 1267 Sed
1394 1212 1571 1267 adhuc
1602 1211 1832 1283 probare
1889 1212 2076 1278 habes,

476 1301 601 1372 quia
628 1303 745 1357 haec
771 1301 1036 1374 sapientia
1090 1310 1143 1357 et
1170 1302 1437 1367 voluntas,
1471 1299 1797 1355 aeternaliter
1852 1299 1907 1354 in
1962 1300 2078 1355 Deo

474 1397 614 1457 sunt,
648 1398 699 1445 et
755 1390 824 1445 ab
881 1405 946 1445 eo
1001 1390 1107 1445 sint
1155 1389 1563 1462 inseparabiles,
1590 1405 1690 1444 nec
1719 1404 1817 1461 per
1867 1397 2080 1461 tempus

475 1479 603 1551 ipsis
632 1479 865 1534 anterior
891 1486 969 1534 est
997 1486 1055 1534 ut
1083 1479 1281 1534 credis.

542 1585 807 1643 Paravs.
848 1584 1168 1641 Veriﬁcabo.
1201 1585 1335 1640 Cum
1363 1584 1509 1640 enim
1538 1592 1763 1652 constet,
1796 1584 2078 1654 quiaDeus

470 1674 788 1747 sapientiam
814 1674 1013 1730 habeat
1041 1682 1094 1730 et
1137 1674 1470 1729 voluntatem
1498 1673 1634 1729 scire
1690 1672 1972 1740 debemus,
2030 1672 2076 1727 si

471 1765 588 1818 haec
615 1762 882 1836 sapientia
926 1771 981 1818 et
1007 1764 1254 1819 voluntas
1308 1763 1364 1817 in
1393 1778 1459 1817 eo
1515 1761 1825 1830 existentes,
1858 1769 1912 1819 et
1966 1777 2076 1818 non

467 1860 784 1925 separentur
812 1852 882 1908 ab
911 1868 998 1919 eo,
1023 1860 1114 1907 aut
1144 1858 1298 1907 extra
1326 1867 1469 1921 eum,
1530 1868 1600 1907 an
1629 1850 1920 1922 aliquando
1951 1867 2073 1906 cum

467 1958 532 1998 eo
561 1942 685 2007 sint,
719 1940 1010 2012 aliquando
1039 1956 1173 1997 non.

535 2059 802 2114 Movsss.
838 2057 1033 2113 Verum
1062 2064 1143 2112 est
1170 2056 1297 2128 quia
1329 2056 1384 2111 in
1413 2071 1478 2112 eo
1507 2064 1648 2123 sunt,
1681 2063 1736 2112 et
1764 2071 1872 2111 non
1900 2071 2065 2127 sepa-

462 2155 648 2202 rantur
703 2147 772 2201 ab
802 2162 886 2209 eo.
933 2146 1059 2216 quia
1090 2146 1191 2200 nisi
1223 2146 1301 2201 sic
1356 2152 1516 2213 esset,
1552 2153 1675 2200 tunc
1732 2145 1879 2199 Deus
1935 2152 2074 2200 esset

463 2252 572 2291 non
602 2236 836 2308 sapiens,
871 2243 1157 2307 postquam
1188 2242 1328 2289 esset
1386 2234 1620 2304 sapiens,
1679 2240 1901 2289 etesset
1958 2234 2075 2289 sine

462 2324 756 2392 voluntate,
817 2330 1103 2395 postquam
1178 2322 1454 2378 habuisset
1509 2321 1863 2387 voluntatem,
1948 2321 2076 2392 quia

464 2411 579 2467 ﬁeri
607 2428 718 2467 non
771 2419 965 2481 potest,
995 2419 1053 2465 ut
1079 2418 1367 2482 postquam
1424 2411 1480 2465 in
1502 2427 1566 2466 eo
1596 2410 1703 2465 sint
1752 2419 2071 2481 separentur

466 2501 537 2557 ab
566 2516 655 2567 eo,
685 2499 786 2555 nisi
814 2515 914 2570 per
941 2499 1208 2568 accidens,
1268 2507 1322 2555 et
1349 2499 1599 2555 accidens
1629 2513 1740 2554 non
1798 2498 2071 2555 invenitur

469 2606 525 2644 1n
553 2604 640 2645 00.

544 2696 801 2751 Pmus.
833 2695 1124 2752 Benedicat
1152 2703 1201 2751 te
1241 2696 1406 2764 Deus,
1441 2695 1566 2766 quia
1596 2695 1737 2751 bene
1766 2692 2075 2749 intellexisti

476 2784 757 2840 veritatem
786 2791 840 2839 et
861 2784 1189 2853 concessisti,
1244 2792 1298 2841 et
1323 2785 1523 2841 bonam
1571 2783 1733 2840 ﬁdem
1766 2791 1815 2839 te
1873 2782 2074 2839 habere

476 2874 809 2930 monstrasti.
848 2872 955 2929 Sed
974 2873 1150 2929 adhuc
1177 2873 1344 2930 debes
1399 2873 1689 2944 inquirere,
1722 2881 1899 2928 utrum
1960 2873 2076 2926 haec.

477 2961 742 3033 sapientia
771 2969 823 3016 et
852 2960 1098 3017 voluntas
1141 2960 1245 3017 sint
1301 2968 1538 3030 aeternae,
1597 2962 1683 3018 vel
1714 2961 1924 3016 initium
1982 2962 2077 3014 ha-

479 3050 711 3106 buerint.

549 3148 817 3203 Movsas.
857 3146 1091 3203 Ponatur
1117 3145 1281 3203 modo
1310 3145 1437 3217 quia
1464 3145 1673 3201 initium
1698 3146 2001 3203 habuerint.

549 3255 803 3310 Prmws.
833 3254 983 3309 Tunc
1035 3252 1203 3309 verba
1257 3260 1348 3309 tua
1375 3252 1479 3307 sibi
1527 3260 1651 3308 sunt
1694 3253 2072 3326 repugnantia.
2106 3262 2155 3327 C

479 3343 670 3399 Dixisti
699 3342 864 3411 enim,
896 3341 1024 3413 quia
1054 3342 1198 3397 Deus
1214 3357 1322 3398 non
1343 3349 1519 3413 potest
1548 3358 1664 3397 esse
1697 3357 1807 3397 non
1837 3342 2072 3413 sapiens,

475 3441 762 3503 postquam
804 3439 945 3487 esset
985 3431 1222 3503 sapiens,
1256 3447 1357 3486 nec
1413 3431 1530 3487 sine
1582 3431 1878 3496 voluntate,
1940 3438 2079 3503 post-

480 3537 641 3592 quam
667 3520 941 3577 habuisset
994 3520 1352 3577 voluntatem.
1411 3519 1638 3586 Deinde,
1672 3520 1801 3590 quia
1854 3519 2078 3591 posuisti

479 3609 697 3663 easdem
727 3609 977 3665 habuisse
1035 3608 1381 3680 principium,
1431 3615 1555 3664 tunc
1608 3607 1898 3679 aliquando
1927 3608 1983 3663 in
2012 3624 2077 3663 eo

486 3706 627 3767 sunt,
650 3697 941 3768 aliquando
970 3713 1106 3753 non.

552 3795 821 3852 Movsas.
852 3796 966 3852 Hoc
994 3794 1273 3851 assertioni
1304 3810 1441 3851 mea:
1470 3794 1696 3851 minime
1747 3802 1828 3851 est
1853 3803 2075 3852 contra-

480 3885 645 3941 rium.
676 3885 801 3941 Dixi
831 3884 974 3941 enim
1002 3885 1266 3954 superius.
1301 3884 1474 3940 Deum
1506 3900 1614 3941 non
1643 3884 2081 3957 possesapientia

480 3982 533 4032 et
549 3974 822 4031 voluntate
862 3989 1066 4042 carere,
1100 3981 1385 4044 postquam
1441 3972 1707 4028 habuerit.
1742 3971 1885 4042 Quia
1946 3988 2076 4029 vero

480 4063 697 4120 easdem
749 4062 1073 4135 principium
1146 4062 1347 4117 habere
1400 4061 1659 4127 concessi,
1736 4077 2078 4132 nequaquam

477 4151 777 4210 contradixi
807 4167 932 4205 eum
953 4165 1108 4222 posse
1138 4150 1360 4215 habere,
1384 4150 1531 4221 quod
1560 4166 1669 4205 non
1696 4149 1975 4205 habuerit.

553 4249 811 4305 Pmaus.
844 4247 1007 4317 Sane,
1038 4248 1081 4302 si
1111 4247 1395 4303 exordium
1426 4248 1746 4316 habuerunt,
1806 4255 1897 4303 aut
1922 4249 2069 4303 Deus

483 4353 575 4393 eas
594 4337 820 4403 creavit,
853 4343 945 4392 aut
971 4336 1103 4407 ipsa:
1131 4353 1210 4391 se.

557 4443 829 4500 Movsas.
874 4442 1072 4498 Procul
1126 4442 1295 4499 dubio
1342 4445 1487 4499 Deus
1544 4459 1637 4501 eas
1692 4445 1917 4513 creavit,
1954 4444 2083 4515 quia

486 4533 632 4589 nulla
658 4549 744 4588 res
770 4532 1002 4604 seipsam
1029 4540 1191 4588 creat.

2191 627 2411 697 aliquod
2441 630 2632 684 horum
2664 628 2820 685 trium
2865 630 3099 687 anterius
3127 647 3242 687 esse
3270 630 3452 701 aliquo
3499 629 3828 687 locutionis

2190 717 2399 773 ordine.

2261 824 2515 881 Pramus.
2546 825 2725 882 Potest
2754 826 3027 898 equidem,
3059 834 3113 883 et
3140 834 3219 883 est
3247 825 3433 883 ordine
3462 827 3805 896 nominum,

2190 929 2299 969 non
2329 921 2544 969 natura.
2574 915 2634 970 In
2663 916 2959 972 substantia
2986 917 3131 971 enim
3163 924 3285 972 sunt
3310 916 3577 989 sapientia
3609 923 3671 972 et
3702 933 3817 972 vo—

2189 1000 2383 1069 luntas,
2417 1012 2471 1059 et
2488 1003 2611 1060 ideo
2639 1012 2719 1061 est
2758 1005 2956 1077 prima.
2996 1005 3270 1077 Sapientia
3287 1021 3416 1060 vero
3442 1005 3565 1061 ideo
3633 1005 3809 1077 prior

2188 1100 2269 1148 est
2294 1093 2587 1160 voluntate,
2620 1093 2765 1163 quia,
2797 1094 3110 1166 priusquam
3140 1102 3348 1150 creator
3373 1094 3578 1166 aliquid
3632 1095 3807 1161 velit,

2186 1187 2538 1253 oporteteum
2559 1198 2748 1254 sapere
2777 1182 2906 1253 quid
2935 1183 3084 1239 velit.
3118 1183 3229 1239 Hac
3256 1183 3434 1253 itaque
3488 1182 3801 1239 nominum

2186 1269 2431 1325 ordinata
2458 1271 2682 1338 ratione,
2732 1272 3047 1339 substantia,
3078 1271 3342 1341 sapientia
3388 1278 3442 1326 et
3494 1273 3803 1328 voluntate

2186 1358 2421 1413 anterior
2440 1366 2538 1427 est,
2588 1367 2641 1414 et
2671 1359 2936 1429 sapientia
2981 1360 3215 1416 anterior
3240 1360 3531 1416 voluntate.
3594 1360 3803 1416 Simili

2185 1448 2347 1503 etiam
2368 1448 2531 1503 modo
2561 1447 2616 1502 in
2645 1449 2729 1503 his
2779 1449 3107 1518 nominibus,
3140 1450 3295 1505 Pater
3320 1449 3540 1515 scilicet,
3607 1449 3801 1504 Filius

2183 1544 2237 1591 et
2265 1536 2494 1606 Spiritus
2521 1545 2755 1592 sanctus.
2805 1537 2933 1595 Ideo
2983 1546 3162 1594 autem
3216 1538 3284 1593 de
3311 1537 3627 1608 hujusmodi
3689 1554 3796 1593 ne-

2184 1631 2380 1680 tectum
2400 1624 2613 1699 egimus
2640 1625 2713 1681 ita
2741 1641 2937 1692 crasse,
2999 1633 3059 1682 ut
3084 1634 3158 1695 tu,
3192 1627 3283 1697 qui
3328 1626 3611 1683 subtiliora
3676 1643 3798 1683 non

2184 1714 2435 1786 percipis,
2475 1714 2575 1770 isto
2603 1714 2793 1770 saltem
2841 1715 3005 1772 modo
3061 1715 3352 1787 quidquam
3407 1715 3535 1771 inde
3589 1731 3798 1788 posses

2182 1803 2480 1874 percipere.
2513 1802 2672 1873 Quod
2721 1804 2786 1872 si,
2844 1820 2969 1860 cum
3023 1804 3204 1875 aliquo
3250 1804 3373 1860 inde
3432 1804 3797 1876 loqueremur

2103 1900 2157 1960 Β
2183 1890 2511 1960 Christiano,
2543 1892 2712 1949 multo
2741 1892 2865 1948 inde
2913 1892 3160 1949 subtilius
3215 1910 3337 1950 curn
3365 1909 3430 1950 eo
3493 1893 3790 1966 disputare

2180 1997 2483 2051 possemus.

2248 2090 2514 2145 Movsas.
2546 2088 2683 2145 Cum
2711 2088 2876 2162 igitur
2902 2090 3110 2147 ratione
3139 2089 3434 2147 ostenderis
3462 2091 3645 2146 Deum
3678 2106 3777 2146 sa-

2181 2177 2437 2248 pientiam
2467 2185 2521 2233 et
2547 2178 2877 2234 voluntatem
2915 2179 3135 2245 habere,
3166 2186 3407 2249 potestne
3455 2179 3512 2234 in
3541 2179 3785 2249 alicujus

2180 2265 2469 2321 authentici
2498 2265 2622 2320 libri
2675 2266 2899 2338 reperiri
2927 2268 3086 2333 serie,
3118 2268 3421 2324 Creatorem
3480 2267 3667 2338 ipsum
3729 2268 3786 2322 in

2180 2354 2367 2409 mundi
2397 2354 2685 2422 creatione,
2717 2355 2981 2427 sapientia
3009 2364 3064 2411 et
3090 2356 3361 2413 voluntate
3386 2372 3543 2412 usum
3574 2355 3773 2412 fuisse.

2251 2472 2511 2527 Paraus.
2543 2471 2742 2527 Etiam.
2783 2472 2861 2527 De
2889 2472 3154 2542 sapientia
3207 2472 3350 2527 enim
3396 2471 3664 2528 Salomon
3722 2472 3781 2527 in

2181 2558 2487 2614 Proverbiis
2510 2559 2585 2615 ait
2615 2579 2629 2615 :
2655 2560 2931 2617 Dominus
2949 2560 3221 2632 fundavit
3232 2561 3514 2633 sapientia
3528 2564 3777 2626 terram,

2179 2649 2634 2705 stabiiivitcwlos
2652 2649 2964 2721 prudentia
3000 2650 3185 2721 (Prov.
3218 2653 3322 2720 ιιι).
3353 2649 3432 2704 De
3486 2649 3769 2704 voluntate

2180 2753 2309 2793 vero
2342 2737 2515 2792 David
2562 2738 2618 2791 in
2662 2738 2874 2793 Psalmo
2907 2757 2919 2793 :
2958 2738 3163 2795 Omnia
3209 2753 3552 2811 quwcunqua
3589 2737 3780 2793 voluit

2181 2827 2322 2898 fecit
2334 2827 2511 2896 (Prol.
2527 2829 2668 2897 cur).

2250 2934 2520 2989 Movsas.
2559 2932 2629 2988 Et
2656 2933 2785 3003 quid
2815 2940 2893 2988 est
2921 2933 3066 3004 quod
3097 2940 3150 2989 tu
3176 2932 3463 2990 secundam
3491 2932 3773 2989 Trinitatis

2180 3028 2372 3077 vestrm
2413 3037 2702 3091 personam
2754 3022 2977 3078 nomine
3038 3021 3160 3092 isto,
3219 3021 3364 3092 quod
3387 3029 3466 3078 est
3509 3022 3782 3094 sapientia

2181 3110 2527 3182 nuncuparis,
2560 3127 2683 3166 cum
2711 3110 2938 3169 verbum
2959 3111 3257 3183 appelletur
3282 3110 3351 3166 ab
3380 3110 3514 3167 aliis.

2255 3218 2517 3273 Pramus.
2557 3217 2619 3272 In
2647 3219 2751 3274 hoc
2776 3233 2907 3273 sane
2935 3217 3282 3274 contrarietas
3300 3224 3380 3273 est
3406 3217 3576 3273 nulla.
3630 3216 3777 3271 Ver-

2187 3307 2316 3362 bum
2348 3322 2581 3377 namque
2611 3306 2709 3362 Dei
2758 3306 2998 3379 perfecta
3025 3306 3143 3376 ejus
3187 3314 3265 3362 est
3283 3306 3543 3377 sapientia
3575 3325 3586 3361 :
3620 3306 3768 3376 quod

2186 3404 2239 3450 et
2270 3395 2550 3451 Psalmista
2578 3395 2951 3452 ostenditcum
2982 3395 3109 3451 dicit
3143 3414 3154 3449 :
3195 3393 3356 3453 Verbo
3372 3395 3598 3451 Domini
3635 3393 3766 3451 cali

2182 3484 2401 3555 ﬁrmati
2428 3487 2565 3541 sunt
2590 3486 2764 3554 (Psal.
2784 3484 2979 3555 xxxu).
3004 3485 3155 3540 Patet
3181 3483 3343 3557 igitur
3358 3484 3482 3555 quia
3507 3483 3769 3553 sapientia

2188 3573 2285 3629 Dei
2314 3581 2367 3628 et
2396 3573 2622 3629 verbum
2653 3574 2785 3643 ejus,
2818 3574 2962 3628 idem
2986 3579 3088 3628 est.

2259 3682 2524 3737 Movsas.
2547 3681 2817 3736 Hactenus
2835 3679 2903 3734 de
2931 3678 3308 3748 explanatione
3334 3678 3601 3735 Trinitatis
3642 3678 3771 3734 satis

2189 3769 2560 3843 philosophice
2592 3768 2848 3835 tractasti,
2895 3767 2990 3824 sed
3020 3767 3219 3823 vellem
3248 3784 3353 3824 una
3377 3767 3563 3823 saltem
3621 3766 3769 3822 Scri-

2189 3868 2466 3930 pturarum
2494 3858 2808 3913 auctoritate
2856 3855 3147 3929 approbari
3202 3855 3260 3911 in
3284 3857 3398 3913 Deo
3452 3860 3627 3927 plures
3652 3872 3765 3911 esse

2189 3963 2465 4020 personas.

2256 4054 2514 4109 Parens.
2546 4053 2669 4109 Non
2696 4069 2804 4109 una
2845 4053 3089 4125 probabo
3115 4054 3212 4110 sed
3242 4052 3499 4126 pluribus,
3557 4066 3652 4108 nec
3676 4051 3760 4106 ob-

2189 4142 2356 4209 tectis,
2388 4142 2483 4196 sed
2512 4142 2712 4213 apertis
2739 4142 3181 4215 intelligentibus.

2256 4257 2499 4313 Movsns
2512 4296 2525 4310 .
2567 4256 2747 4312 Pande
2769 4272 2900 4330 ergo
2913 4299 2926 4312 .

2256 4363 2521 4419 Psraus.
2559 4362 2695 4433 Qua:
2724 4371 2805 4419 est
2831 4380 2916 4418 res
2946 4363 3199 4436 apertior,
3231 4372 3283 4419 et
3310 4361 3377 4418 ad
3391 4362 3492 4418 hoc
3516 4377 3745 4432 compro-

2187 4451 2426 4507 bandum
2453 4452 2735 4521 valentior,
2769 4468 2931 4523 quam
2980 4452 3259 4507 nominum
3286 4451 3381 4507 Dei
3436 4451 3741 4523 explanatio,

2188 4549 2246 4596 ut
2277 4538 2494 4597 Elohim
2522 4548 2575 4596 et
2601 4540 2829 4599 Adonai
2856 4542 2885 4594 ?
2913 4541 3131 4597 Elohim
3144 4540 3287 4596 enim
3317 4540 3659 4613 pluralitatem
3674 4539 3751 4593 de-

554 4631 815 4686 Prr'r‘rws.
856 4629 1022 4701 Ergo,
1052 4629 1095 4685 si
1127 4630 1273 4685 Deus
1320 4645 1413 4684 eas
1440 4630 1663 4689 creavit.
1695 4647 1819 4686 cum
1868 4632 2078 4687 initium
2109 4623 2162 4684 D
2191 4637 2470 4694 monstrat,
2510 4631 2662 4699 cujus
2691 4630 2963 4702 singulare
3019 4638 3099 4685 est
3153 4629 3345 4687 Eloha.
3406 4629 3539 4684 Cum
3590 4635 3747 4683 autem

476 4718 780 4785 habuerint,
810 4717 1042 4791 indiguit
1093 4718 1207 4788 ipse
1265 4719 1485 4775 Creator
1567 4719 1674 4775 alia
1719 4720 2002 4791 sapientia,
2034 4727 2089 4775 et

478 4809 771 4875 voluntate,
794 4806 987 4878 quibus
1015 4824 1107 4862 eas
1135 4815 1360 4874 crearet,
1393 4815 1461 4876 et,
1500 4816 1557 4863 ut
1592 4808 1796 4864 dictum
1845 4816 1950 4876 est,
1982 4826 2086 4864 ne-

478 4915 626 4954 cesse
653 4904 734 4952 est
776 4896 1047 4968 operatori
1090 4895 1412 4965 sapientiam
1460 4896 1661 4952 habere
1721 4905 1775 4954 et
1829 4899 2086 4955 volunta-

478 4994 606 5054 tem,
630 4994 919 5056 antequam
961 4984 1090 5055 quid
1119 4991 1392 5055 operetur,
1449 4992 1503 5040 et
1557 4986 1633 5040 sic
1680 4985 1737 5041 in
1783 4985 2077 5042 inﬁnitum.

474 5076 707 5133 Necesse
734 5089 866 5147 ergo
895 5082 977 5129 est
1001 5081 1060 5128 ut
1085 5073 1350 5144 sapientia
1379 5081 1434 5128 et
1478 5074 1727 5130 voluntas
1763 5076 2091 5130 aaternaliter

477 5164 533 5221 in
587 5166 703 5221 Deo
745 5163 871 5227 sint,
930 5170 983 5217 et
1038 5162 1108 5217 ab
1148 5178 1213 5217 eo
1271 5161 1680 5235 inseparabiles,
1714 5181 1812 5219 nec
1855 5165 2091 5220 anterior

479 5254 583 5310 illis
626 5254 696 5309 sit
751 5260 1018 5324 tempore.
1059 5251 1123 5306 Et
1159 5251 1258 5306 hoc
1298 5259 1379 5305 est
1425 5251 1572 5322 quod
1611 5253 1857 5324 cupimus
1906 5254 2091 5325 expla-

487 5360 640 5400 nare.

553 5441 821 5495 Movsss.
870 5438 1064 5493 Verum
1123 5444 1219 5505 est,
1264 5444 1469 5493 rectum
1528 5439 1673 5493 enim
1722 5447 1802 5495 est
1857 5448 1908 5495 et
1963 5439 2091 5494 utile

489 5527 697 5583 veritati
728 5542 827 5582 nos
857 5541 1115 5582 annuere.

558 5635 813 5690 Prrrrws.
846 5631 952 5688 Sed
982 5639 1144 5687 restat
1170 5632 1479 5702 dicendum,
1509 5652 1629 5705 qua;
1677 5636 2097 5704 harum,scilicet
2136 5635 2141 5639 ’

489 5722 767 5793 sapientiae
787 5728 841 5774 et
867 5720 1175 5789 voluntatis,
1213 5722 1422 5777 dicatur
1476 5722 1660 5795 Filius,
1693 5732 1746 5779 et
1793 5742 1915 5796 qua:
1965 5726 2095 5798 Spi-

492 5808 622 5863 ritus
648 5815 879 5864 sanctus.

564 5904 830 5961 Movsu.
862 5906 996 5963 Cum
1036 5922 1169 5979 ergo
1224 5908 1372 5965 nulla
1413 5926 1600 5966 earum
1629 5912 1864 5968 anterior
1891 5911 1998 5968 alia
2031 5914 2100 5969 sit

2190 4719 2313 4773 dico
2346 4718 2554 4784 Elohai,
2589 4719 2693 4773 tale
2730 4727 2809 4773 est
2837 4735 2901 4774 ac
2928 4720 2971 4773 si
2994 4719 3229 4773 dicerem
3287 4717 3383 4774 Dei
3412 4718 3535 4787 mei,
3594 4716 3750 4789 plura-

2193 4808 2395 4862 litatem
2424 4807 2669 4875 deorum,
2704 4814 2759 4862 et
2788 4823 2950 4863 unam
2983 4813 3185 4863 tantum
3216 4807 3438 4863 dicentis
3466 4821 3745 4878 personam,

2192 4911 2317 4952 cum
2348 4911 2474 4951 vero
2502 4895 2750 4951 Elohemi
2778 4895 2920 4963 dico,
2979 4895 3131 4967 quasi
3160 4895 3391 4951 dicerem
3448 4895 3530 4949 Dii
3583 4893 3746 4961 nostri,

2195 4985 2554 5056 pluralitatem
2613 4992 2960 5056 utrorumque
3014 4983 3299 5057 signando,
3357 4992 3409 5039 et
3449 4985 3655 5038 deorum
3707 4990 3751 5037 et

2195 5073 2435 5144 ipsorum
2474 5072 2787 5129 dicentium.
2841 5072 2998 5142 Quod
3027 5073 3125 5129 etsi
3182 5072 3338 5127 Elohi
3391 5072 3604 5139 dicatur,
3655 5072 3748 5126 tale

2196 5169 2276 5218 est
2303 5178 2366 5217 ac
2394 5162 2437 5217 si
2493 5162 2778 5231 diceretur,
2811 5163 2956 5217 Deus
3011 5178 3181 5217 meus.
3214 5161 3316 5217 Sed
3376 5162 3476 5217 hoc
3529 5161 3581 5215 in
3624 5160 3746 5214 nulla

2198 5250 2463 5307 Hebraica
2530 5251 2800 5306 invenitur
2841 5251 3122 5322 scriptura,
3169 5249 3314 5321 quod
3374 5250 3564 5321 aliquis
3610 5251 3747 5305 homo

2199 5342 2379 5396 Deum
2410 5356 2646 5410 unquam
2677 5339 2834 5395 Elohi
2859 5340 3173 5412 appellaret,
3206 5339 3467 5410 quamvis,
3487 5338 3746 5394 secundum

2198 5427 2366 5499 ipsius
2393 5426 2673 5483 Hebraicae
2703 5427 2903 5501 linguis
2932 5427 3167 5499 regulas,
3200 5426 3303 5480 dici
3335 5426 3525 5498 possit.

2272 5542 2536 5597 Movsss.
2569 5541 2708 5597 Nam
2739 5541 2795 5596 in
2815 5549 2990 5598 vestro
3011 5539 3280 5596 invenitur
3303 5538 3593 5611 Evangelio
3618 5537 3749 5594 Chri-

2202 5629 2428 5701 stumin
2457 5645 2615 5686 cruce
2670 5629 2825 5685 Elohi
2858 5628 3157 5701 appellasse
3189 5628 3380 5699 (Marc.
3413 5642 3488 5683 xv
3519 5645 3535 5694 ;
3574 5627 3743 5683 Matth.

2206 5723 2415 5789 xxvrr).

2279 5826 2535 5883 Parens.
2568 5825 2686 5882 Hoc
2714 5824 2932 5898 quidem
2962 5823 3096 5880 mihi
3123 5823 3328 5880 nullum
3360 5839 3472 5881 esse
3501 5823 3616 5880 novi
3641 5839 3750 5880 con—

2208 5914 2451 5970 trarium.
2484 5913 2723 5970 Christus
2750 5914 2895 5969 enim
2924 5913 3094 5969 Deum
3138 5912 3345 5969 Patrem
3374 5910 3641 5968 invocabat
3667 5928 3753 5968 una
