3966 6464
214 448 329 504 609

1728 422 2037 490 mALOGt.

3414 420 3520 483 610

212 572 430 629 scilicet
478 576 691 625 tantum
732 566 803 622 de
859 563 1032 620 tribus
1078 563 1351 635 personis,
1396 576 1558 616 unam
1606 566 1815 616 tantum
1844 564 1899 623 A
1923 556 2294 612 tantummodo
2324 557 2496 610 Deum
2527 568 2672 620 esse,
2694 553 2763 608 ad
2779 553 2964 624 plures
2985 553 3119 608 deos
3151 552 3280 606 illud
3312 551 3518 608 referre

213 661 347 716 alia.
378 658 551 716 Simili
581 656 744 711 modo
774 655 829 709 in
858 654 1079 709 nomine
1125 652 1267 724 quod
1299 658 1383 707 est
1442 650 1619 712 Adon,
1656 648 1708 703 id
1739 655 1822 702 est

215 749 507 805 Dominus.
540 747 675 800 Nam
725 761 848 801 cum
898 743 1131 799 dicimus
1160 742 1336 805 Adon,
1388 738 1822 810 singularitatem

216 839 577 901 demonstrat,
608 850 736 891 cum
763 832 993 897 Adonai,
1026 829 1183 903 quasi
1206 830 1408 884 dictam
1442 826 1663 882 Domini
1692 825 1819 890 mei,

215 926 589 998 pluralitatem
621 921 889 994 signando
938 920 1305 983 dominorum,
1342 925 1395 972 et
1425 916 1672 972 dicentes
1704 913 1823 969 uni-

221 1020 397 1071 tatem
424 1031 437 1069 :
470 1029 592 1069 cum
622 1020 805 1066 autem
830 1009 957 1065 dico
989 1007 1277 1070 Adonemi,
1309 1005 1474 1077 quasi
1503 1005 1685 1060 dicam
1716 1003 1824 1057 Do-

221 1104 359 1158 mini
389 1102 581 1166 nostri,
612 1108 666 1155 et
713 1099 895 1169 plures
929 1097 1209 1161 Dominos,
1243 1103 1296 1150 et
1326 1094 1515 1165 plures
1552 1090 1824 1164 signando

222 1192 474 1248 dicentes
496 1205 646 1245 :cum
670 1203 803 1243 vero
824 1186 947 1243 dico
966 1185 1167 1251 Adoni,
1188 1183 1342 1256 quasi
1362 1182 1537 1237 dicam
1560 1180 1825 1236 Dominus

224 1296 403 1346 meus,
453 1286 506 1334 et
560 1276 854 1333 Dominum
896 1290 1084 1340 unum,
1137 1282 1190 1327 et
1245 1273 1522 1328 dicentem
1578 1268 1826 1324 notando

226 1384 415 1423 unum.
450 1369 563 1423 Hoc
602 1381 732 1421 vero
776 1363 995 1420 nomine
1042 1363 1205 1418 homo
1235 1368 1443 1415 tantum
1472 1358 1541 1414 ab
1587 1356 1822 1421 homine,

227 1457 329 1513 sed
368 1457 515 1511 Deus
541 1469 805 1526 nusquam
832 1453 911 1508 sic
939 1450 1201 1523 appellari
1232 1448 1527 1505 invenitur.
1567 1446 1703 1500 Cum
1733 1445 1829 1499 ita-

232 1561 346 1616 que
374 1545 428 1598 in
461 1542 756 1614 Scripturis
804 1540 983 1596 sacris
1031 1538 1336 1610 reperiatur
1364 1538 1511 1592 Deus
1564 1532 1828 1606 appellari

232 1634 429 1689 Eloba.
462 1641 516 1688 et
546 1632 719 1696 Adon,
737 1630 881 1702 quod
912 1627 1262 1700 singulariter
1290 1628 1440 1681 Deus
1461 1624 1547 1680 vel
1567 1623 1828 1679 Dominus

230 1723 640 1792 interpretatur,
674 1734 806 1790 ergo
836 1726 918 1773 est
972 1732 1138 1772 unus.
1195 1715 1267 1770 Et
1293 1714 1431 1769 alias
1459 1727 1583 1769 cum
1634 1712 1828 1767 iterum

230 1810 535 1881 reperiatur
558 1807 820 1879 appellari
850 1806 1087 1867 Elohim,
1122 1813 1172 1859 et
1200 1803 1436 1866 Adonai,
1469 1801 1616 1874 quod
1647 1801 1826 1871 plura-

232 1900 436 1955 litatem
495 1896 785 1971 significat,
838 1895 1024 1967 plures
1053 1894 1503 1949 demonstrantur
1532 1890 1635 1944 dii.
1673 1886 1829 1957 Quod

232 1988 458 2043 videtur
486 1986 839 2043 contrarium.
894 1987 1003 2038 Aut
1041 1984 1186 2038 enim
1219 1997 1359 2036 unus
1392 1980 1494 2036 erit
1544 1979 1712 2043 Deus,
1745 1984 1834 2030 aut

231 2077 437 2148 plures.
472 2078 533 2130 In
560 2076 677 2130 Deo
707 2082 888 2129 autem
917 2088 1027 2128 non
1050 2080 1132 2127 est
1160 2072 1266 2126 hoc
1292 2066 1648 2126 contrarium.
1675 2063 1835 2134 Quod

234 2167 381 2222 enim
412 2181 475 2221 se
497 2163 760 2235 singulari
791 2161 1010 2217 nomine
1052 2158 1369 2232 appellavit,
1402 2158 1470 2212 ad
1511 2170 1673 2211 unam
1703 2169 1834 2225 pro-

232 2255 380 2311 fecto
419 2252 649 2324 respicit
693 2250 1075 2317 substantiam,
1123 2248 1265 2320 quod
1312 2262 1446 2303 vero
1493 2243 1707 2316 plurali,
1766 2241 1836 2296 ad

234 2343 424 2415 plures
466 2356 761 2413 personas.
819 2340 913 2394 Est
943 2338 1087 2393 enim
1136 2353 1277 2392 unus
1324 2336 1469 2391 Deus
1497 2334 1551 2389 in
1589 2330 1836 2404 pluribus

236 2448 493 2504 personis
506 2472 519 2486 .

308 2556 551 2609 Mersus.
586 2551 744 2622 Quod
775 2552 893 2607 haec
932 2549 1149 2605 nomina
1179 2548 1279 2604 Dei
1303 2546 1521 2603 Elohim
1551 2544 1757 2602 scilicet
1786 2550 1836 2599 et

236 2639 457 2695 Adonei
486 2637 846 2709 pluralitatem
894 2634 1223 2708 significant,
1273 2633 1581 2689 secundum
1621 2629 1836 2701 regulas

237 2727 373 2783 artis
400 2725 743 2782 litteratoriaa
796 2723 1082 2795 contingit.
1142 2721 1303 2792 Quod
1335 2736 1465 2776 vero
1495 2720 1643 2775 Deus
1674 2734 1734 2773 se
1763 2717 1839 2771 ita

236 2815 555 2889 appellavit,
586 2814 749 2869 nullis
771 2821 1001 2870 coactus
1028 2812 1254 2884 regulis,
1275 2810 1371 2865 sed
1390 2810 1549 2880 juxta
1579 2806 1835 2878 placitum

237 2921 395 2961 suum
428 2903 575 2971 fecit,
607 2912 660 2959 et
707 2902 967 2974 placitum
998 2901 1220 2974 quidem
1259 2915 1419 2954 suum
1456 2897 1622 2952 nullis
1668 2896 1837 2951 debet

241 2989 450 3062 regulis
480 2988 792 3057 subjacere.

312 3113 547 3167 Pramus.
580 3109 791 3165 Verum
822 3108 1023 3181 quiqpe
1052 3116 1133 3163 est
1164 3106 1387 3163 nomina
1416 3105 1512 3160 illa
1542 3103 1708 3159 nullis
1736 3103 1837 3158 de-

236 3201 369 3257 bere
403 3200 613 3271 regulis
644 3198 897 3270 supponi,
944 3197 1043 3252 sed
1072 3198 1195 3263 hoc,
1246 3195 1292 3251 si
1324 3193 1543 3266 propria
1574 3193 1700 3262 sint,
1730 3207 1839 3247 non

236 3288 591 3360 appellativa.
657 3287 793 3343 Sunt
844 3296 1021 3341 autem
1080 3286 1198 3341 haec
1253 3282 1598 3355 appellativa,
1633 3290 1685 3335 et
1714 3280 1838 3335 ideo

234 3377 446 3450 regulis
470 3386 621 3433 recte
649 3376 849 3431 debent
881 3373 1133 3445 supponi,
1180 3373 1320 3428 sicut
1365 3370 1615 3442 superius
1645 3368 1842 3439 expla-

238 3467 514 3522 navimus.
558 3466 761 3536 Itaque,
795 3463 889 3518 ubi
914 3461 1267 3533 singulariter
1310 3458 1683 3530 proferuntur,
1722 3458 1843 3511 sin-

237 3554 606 3628 gularitatem,
640 3552 729 3607 ubi
756 3567 890 3607 vero
921 3550 1226 3622 pluraliter,
1258 3548 1627 3619 pluralitatem
1662 3544 1843 3619 signi-

240 3641 425 3709 ficant,
489 3639 955 3712 quemadmodum
1013 3637 1319 3693 invenimus
1369 3636 1425 3689 in
1459 3634 1684 3699 Genesi,
1747 3633 1847 3688 Lot

238 3731 468 3803 angelos
497 3729 809 3801 appellasse
838 3726 1051 3783 Adonai
1097 3726 1261 3797 (Gen.
1299 3728 1430 3792 XIX),
1465 3724 1571 3779 hoc
1601 3730 1684 3778 est
1730 3722 1845 3776 Do-

239 3818 376 3875 mini
406 3819 529 3885 mei,
563 3817 685 3891 quia
707 3817 889 3890 angeli
936 3816 1042 3871 duo
1090 3815 1339 3886 profecto
1383 3820 1563 3869 erant.
1602 3812 1672 3866 Et
1706 3810 1844 3872 alias

243 3904 300 3959 in
355 3904 550 3958 eodem
592 3902 730 3957 libro
782 3901 964 3957 Laban
1011 3900 1304 3970 increpans
1363 3896 1557 3961 Jacob,
1591 3896 1699 3950 ait:
1736 3896 1848 3951 Cur

246 3996 477 4063 furatus
498 4008 556 4047 es
579 3992 774 4047 Etohai
799 3990 964 4061 (Gen.
1005 3990 1172 4057 xxxi),
1213 3989 1317 4044 hoc
1347 3994 1448 4053 est,
1483 3986 1617 4041 deos
1644 4000 1797 4039 meos

250 4080 315 4135 Et
344 4081 399 4134 in
429 4079 655 4134 Psalmis
684 4079 957 4135 invenitur
1007 4077 1301 4147 scriptum:
1352 4076 1465 4145 Ego
1495 4074 1622 4130 dixi
1656 4072 1845 4129 Elohi-

248 4172 464 4225 matem
497 4169 649 4224 Psal.
682 4169 894 4236 LXXXI),
928 4166 982 4221 id
1013 4174 1113 4231 est,
1145 4164 1221 4220 dii
1252 4164 1403 4220 estis.
1437 4163 1502 4218 Et
1532 4163 1598 4217 ad
1632 4161 1850 4217 Israeli-

249 4257 414 4314 ticum
443 4257 698 4328 populum
725 4255 988 4311 Dominus
1017 4270 1113 4325 per
1143 4255 1365 4324 Moysen
1416 4252 1670 4323 loquens,
1721 4249 1799 4305 ait
1833 4264 1846 4304 :

250 4347 601 4402 Nonhabebis
616 4341 1267 4413 ElohimMermi(Exod.
1310 4343 1400 4411 xx)
1435 4341 1540 4396 hoc
1576 4346 1681 4406 est,
1715 4338 1851 4393 deos

250 4435 479 4491 alienos.
513 4434 789 4490 Similibus
820 4448 1036 4505 quoque
1094 4430 1419 4488 testimoniis
1449 4428 1573 4485 libri
1602 4428 1849 4500 prophe-

252 4530 432 4580 tarum
454 4523 580 4578 satis
608 4522 987 4578 abundabunt.

1929 663 2037 702 non
2065 662 2378 717 possumus.
2404 645 2485 698 Ad
2514 659 2680 698 unum
2709 659 2842 714 ergo
2872 644 3064 708 Deum,
3100 650 3153 697 et
3182 642 3363 713 plures
3392 658 3521 713 per-

1929 751 2093 791 sonas
2116 734 2250 789 illud
2280 732 2470 789 referri
2500 747 2731 788 necesse
2764 740 2871 787 est.

2001 861 2257 915 Movsss.
2293 858 2348 914 Si
2378 858 2482 913 hoc
2509 857 2727 929 quidem
2784 856 3108 921 ostenderis,
3164 857 3278 925 jam
3319 855 3521 928 optime

1931 948 2075 1021 quod
2106 946 2464 1018 pr0posuistis
2494 948 2783 1016 probatum
2807 946 2933 1001 erit.

2001 1074 2263 1128 Pramus.
2303 1071 2463 1140 Quod
2492 1071 2538 1126 si
2570 1072 2684 1126 Deo
2728 1070 3025 1142 Opitulante
3054 1072 3161 1126 hoc
3192 1070 3287 1125 tibi
3335 1080 3523 1126 osten-

1933 1162 2086 1228 dero,
2120 1161 2317 1217 credes
2348 1177 2515 1216 unum
2546 1168 2603 1217 et
2631 1160 2814 1232 plures
2844 1175 3111 1230 personas
3139 1159 3167 1213 ?

2005 1286 2265 1342 Movses.
2298 1285 2524 1341 Nullum
2554 1301 2688 1341 sane
2710 1291 2888 1341 tecum
2916 1299 3084 1355 super
3104 1284 3205 1339 hac
3235 1300 3295 1339 re
3324 1284 3522 1340 feriam

1935 1378 2172 1441 pactum,
2198 1370 2297 1425 sed
2319 1377 2528 1425 tantum
2559 1376 2764 1425 attente
2793 1368 2992 1424 vellem
3021 1368 3235 1425 audire.

2009 1484 2263 1539 Pramus.
2294 1483 2430 1540 Novi
2466 1492 2613 1540 certe
2660 1482 2848 1540 cordis
2878 1482 2953 1538 tui
3000 1482 3276 1546 duritiam,
3309 1483 3407 1539 sed
3438 1492 3524 1539 ta-

1936 1589 2060 1628 men
2083 1573 2194 1641 jam
2225 1572 2357 1628 illud
2387 1572 2481 1628 tibi
2507 1573 2810 1638 ostendam,
2841 1588 2941 1643 per
2968 1572 3071 1628 hoc
3100 1572 3249 1628 enim
3302 1571 3530 1629 forsitan

1937 1661 2064 1716 boni
2098 1660 2330 1730 alicujus
2363 1678 2572 1717 memor
2626 1662 2760 1718 eris.
2815 1661 2872 1715 Id
2903 1660 2997 1715 lib.
3032 1661 3217 1733 itaque
3260 1662 3529 1717 Samuelis

1938 1750 2203 1821 scriptum
2229 1759 2332 1816 est,
2392 1751 2517 1822 quia
2574 1766 2697 1807 cum
2727 1749 3050 1804 Philisthiim
3079 1765 3259 1805 arcam
3310 1750 3529 1805 Domini

1939 1844 2131 1889 contra
2161 1851 2220 1891 se
2251 1834 2438 1891 venire
2461 1834 2726 1901 viderent,
2746 1834 3017 1889 dixerunt.
3052 1834 3276 1889 Elehem
3306 1834 3528 1889 Elohim

1942 1924 2018 1992 (II
2049 1926 2174 1995 Reg.
2216 1925 2310 1993 IV),
2362 1923 2416 1977 id
2442 1931 2543 1991 est,
2574 1923 2633 1978 hi
2671 1927 2809 1978 sunt
2856 1923 2937 1977 dii
2980 1924 3076 1994 qui
3123 1926 3530 1994 percusserunt

1944 2014 2249 2086 .Egyptum
2276 2014 2433 2068 omni
2481 2013 2646 2084 plaga
2677 2013 2741 2067 in
2784 2012 3018 2067 deserto.
3054 2010 3152 2067 Hic
3179 2010 3323 2067 enim
3346 2019 3397 2067 et
3423 2027 3526 2067 no-

1943 2116 2070 2157 men
2104 2100 2207 2157 Dei
2236 2109 2289 2157 et
2320 2109 2469 2157 actus
2496 2100 2773 2172 pluraliter
2799 2099 3099 2171 profertur.

2015 2226 2284 2280 Movsas.
2331 2226 2452 2298 Ego
2485 2238 2615 2281 sane
2642 2240 2743 2295 per
2771 2225 2876 2280 hoc
2901 2224 3042 2297 quod
3081 2240 3453 2295 proposueras
3482 2233 3534 2282 te

1945 2314 2211 2385 probasse
2269 2328 2377 2368 non
2430 2314 2698 2369 concedo.
2766 2313 2895 2369 Haec
2939 2313 3085 2368 enim
3131 2313 3349 2370 dicebat
3396 2330 3535 2386 gens

1944 2417 2053 2457 non
2082 2418 2267 2467 unum,
2301 2401 2399 2456 sed
2428 2402 2614 2473 plures
2660 2401 2799 2457 deos
2837 2400 3089 2469 credens,
3126 2409 3179 2456 et
3206 2402 3537 2473 opinabatur

1944 2490 2071 2562 quia
2100 2491 2286 2561 plures
2312 2498 2497 2546 essent
2540 2490 2617 2545 dii
2650 2490 2835 2560 Israel,
2867 2490 3326 2562 quemadmodum
3360 2500 3413 2547 et
3444 2491 3533 2546 sui

1944 2586 2128 2635 erant.

2018 2695 2268 2749 Pamus.
2323 2692 2780 2765 Quandoquidem
2838 2694 2942 2748 hoc
2972 2708 3080 2748 non
3113 2695 3391 2762 concedis,
3420 2696 3533 2765 jam

1946 2782 2040 2837 tibi
2110 2782 2449 2838 consimilem
2506 2782 2560 2836 in
2610 2782 2993 2853 prophetarum
3047 2782 3197 2838 libris
3251 2785 3539 2841 ostendam

1946 2886 2274 2927 sermonem.
2306 2872 2405 2925 Est
2431 2871 2573 2926 enim
2606 2870 2862 2941 scriptum
2914 2871 2968 2925 in
3018 2870 3220 2927 Genesi
3248 2889 3260 2928 :
3289 2873 3536 2932 Locutus

1947 2967 2032 3016 est
2053 2961 2321 3016 Dominus
2340 2960 2413 3015 ad
2440 2960 2601 3017 Iacob
2623 2979 2640 3015 :
2666 2960 2859 3030 Surge,
2886 2964 2945 3015 et
2978 2960 3220 3017 accende
3241 2964 3455 3031 Bethei,
3475 2968 3535 3019 et

1948 3048 2143 3104 habita
2158 3049 2256 3114 ibi,
2273 3050 2473 3120 facque
2488 3049 2673 3104 altare
2689 3048 2825 3111 Deo,
2844 3049 2940 3119 qui
2950 3051 3218 3120 apparuit
3239 3051 3341 3105 tibi
3355 3068 3536 3123 quan-

1949 3136 2015 3193 do
2029 3137 2281 3207 fugiebat:
2296 3140 2543 3201 fratrem
2568 3140 2731 3192 tuum
2758 3136 2919 3202 (Gen.
2939 3137 3127 3206 xxxv).
3150 3138 3250 3193 Hic
3268 3138 3468 3210 quippe
3484 3149 3535 3196 et

1949 3240 2146 3280 nomen
2175 3225 2274 3280 Dei
2305 3233 2358 3279 et
2402 3232 2579 3289 actus,
2611 3223 2962 3295 singulariter
2990 3225 3291 3294 profertur.
3335 3228 3537 3285 Deinde

1946 3308 2207 3379 scriptum
2260 3278 2351 3364 est
2400 3278 2460 3363 in
2480 3278 2731 3364 "eodem"
2756 3278 2921 3363 libro
2947 3278 3276 3379 praeceptum

1949 3397 2125 3453 Jacob
2155 3396 2433 3468 implesse.
2484 3396 2736 3469 Sequitur
2777 3397 2956 3452 enim:
2993 3398 3415 3471 xEdicavitque
3462 3401 3540 3456 ibi

1950 3487 2157 3553 altare,
2208 3490 2266 3542 et
2291 3488 2599 3558 appellavit
2647 3501 2853 3541 nomen
2885 3487 2993 3542 ioci
3034 3488 3237 3544 Domus
3267 3489 3392 3545 Dei.
3457 3489 3539 3545 Ibi

1950 3578 2095 3630 enim
2123 3575 2377 3645 apparuit
2406 3574 2455 3629 ei
2486 3574 2652 3640 Deus,
2687 3589 2814 3631 cum
2845 3573 3056 3646 fugeret
3087 3574 3310 3630 fratrem
3340 3594 3525 3632 suum.

1952 3663 2051 3719 Hic
2079 3672 2261 3718 autem
2294 3672 2347 3719 et
2375 3665 2521 3719 Deus
2549 3672 2602 3718 et
2628 3663 2902 3735 apparuit,
2935 3663 2991 3717 in
3035 3664 3302 3721 Hebraico
3348 3666 3539 3737 plura-

1951 3751 2074 3807 liter
2102 3752 2386 3822 profertur.
2424 3753 2661 3808 Habetur
2690 3752 2889 3824 quippe
2921 3752 2996 3807 ibi
3027 3752 3241 3807 Elohim
3270 3762 3321 3808 et
3350 3754 3535 3826 Niglu,

1955 3840 2099 3911 quod
2130 3840 2409 3911 pluraliter
2436 3848 2808 3912 apparuerunt
2845 3840 3138 3914 significat.
3172 3841 3229 3896 Si
3258 3843 3404 3897 enim
3431 3844 3541 3898 sin-

1954 3928 2214 4002 gulariter
2261 3931 2510 4002 apparuit
2565 3929 2753 3986 dicere
2787 3929 2971 3994 vellet,
3028 3929 3189 4002 Nigla
3246 3931 3538 4001 posuisset.

1960 4018 2095 4073 Item
2138 4019 2299 4073 etiam
2331 4019 2385 4074 in
2401 4018 2539 4074 libro
2579 4018 2852 4075 Samuelis
2883 4019 3050 4073 David
3082 4018 3314 4073 laudans
3345 4021 3537 4091 Deum,

1957 4116 2029 4169 ait
2055 4127 2067 4166 :
2104 4110 2233 4179 Quae
2261 4112 2347 4164 est
2367 4112 2580 4175 autem,
2605 4112 2670 4162 ut
2683 4107 2925 4179 populus
2947 4112 3082 4163 tuus
3112 4107 3303 4175 Israel,
3327 4125 3463 4180 gens
3480 4112 3542 4165 in

1959 4210 2113 4259 terra
2133 4203 2543 4273 propterquam
2576 4198 2680 4251 ivit
2703 4196 3259 4264 Deus,utredimeret
3287 4213 3412 4253 eam
3440 4200 3547 4256 sibi

1958 4295 2021 4349 in
2042 4288 2353 4364 populum?
2375 4286 2432 4340 11
2449 4288 2573 4357 Reg,
2589 4287 2707 4355 vn.)
2730 4286 2828 4340 Hic
2849 4285 3014 4341 etiam
3029 4285 3280 4341 similiter
3301 4293 3354 4341 et
3376 4288 3541 4358 Deus,

1959 4391 2012 4437 et
2041 4380 2155 4443 ivit,
2188 4377 2244 4432 in
2282 4375 2555 4431 Hebraico
2584 4373 2791 4445 plurale
2821 4381 2922 4429 est.
2969 4374 3071 4430 Hic
3118 4375 3263 4430 enim
3295 4376 3548 4433 similiter

1955 4469 2181 4524 habetur
2208 4465 2444 4531 Elohim,
2468 4472 2521 4519 et
2544 4463 2734 4529 Halcu,
2769 4462 2916 4534 quod
2970 4471 3057 4519 est
3100 4463 3343 4532 iverunt,
3392 4465 3553 4534 cujus

1954 4558 2236 4629 singulare
2265 4562 2347 4610 est
2375 4554 2565 4609 Halac.
2604 4551 2939 4623 Redimeret}
2965 4559 3167 4618 autem,
3201 4561 3254 4609 et
3282 4553 3405 4617 sibi,
3443 4554 3555 4609 sin-

320 4648 582 4702 Movsas.
627 4646 776 4702 Licet
821 4651 1105 4701 ostensum
1157 4642 1228 4698 sit
1264 4640 1484 4698 Elohim
1531 4645 1583 4695 et
1631 4634 1847 4693 Adonai
1875 4637 1928 4699 D
1960 4647 2179 4721 gulare.
2217 4645 2352 4699 Item
2381 4642 2434 4696 in
2467 4640 2737 4696 Hieremia
2781 4640 3017 4713 legitur:
3052 4642 3324 4698 Dominus
3358 4646 3554 4698 autem

250 4743 617 4816 pluralitatem
642 4742 974 4816 signicare,
1010 4757 1133 4797 cum
1165 4748 1345 4795 tamen
1374 4738 1446 4793 de
1490 4737 1606 4792 Deo
1648 4733 1851 4789 dicun-

252 4847 341 4893 tur
368 4836 686 4909 significant
732 4834 1191 4909 singularitatem,
1240 4833 1391 4906 quod
1419 4848 1519 4905 per
1551 4838 1730 4887 actum
1760 4826 1853 4884 cui

251 4934 623 5007 adjunguntur
665 4941 906 5003 notatur,
964 4948 1087 4989 cum
1118 4929 1384 5004 singulari
1430 4943 1565 4984 voce
1604 4927 1842 4983 dicatur.

254 5032 395 5087 Dicit
423 5032 569 5088 enim
599 5031 669 5088 de
697 5032 834 5096 Deo.
866 5030 1005 5101 fecit
1048 5030 1204 5084 dixit
1246 5028 1416 5097 (Gen.
1467 5026 1531 5096 ),
1564 5023 1654 5080 vel
1695 5022 1852 5081 aliud

250 5129 458 5202 aliquid
509 5128 635 5201 tale,
692 5137 747 5186 et
792 5144 903 5184 non
956 5128 1174 5194 dicitur,
1207 5124 1483 5191 fecerunt,
1536 5121 1656 5178 sive
1689 5120 1851 5176 dixe-

254 5236 395 5285 runt.

325 5353 581 5407 Pramus.
607 5352 735 5408 Haec
757 5357 839 5407 est
867 5364 992 5405 mea
1007 5346 1327 5412 auctoritas,
1349 5344 1497 5419 quod
1527 5359 1726 5400 nomen
1753 5342 1855 5399 Dei

253 5445 533 5521 pluraliter
560 5450 771 5519 dicitur,
833 5457 887 5505 et
914 5456 1065 5504 actus
1117 5444 1489 5520 singulariter,
1536 5457 1601 5498 ac
1631 5458 1732 5513 per
1752 5442 1857 5497 hoc

254 5554 421 5618 patet,
454 5548 581 5619 quia
613 5548 761 5604 Deus
816 5563 957 5603 unus
1014 5552 1095 5602 est
1124 5544 1180 5599 in
1211 5543 1456 5615 pluribus
1487 5538 1756 5612 personis,
1790 5538 1857 5593 Et

255 5652 436 5701 tamen
462 5655 521 5701 ut
551 5663 742 5703 omnes
774 5653 892 5702 tuas
914 5644 1260 5716 objectiones
1288 5640 1601 5714 praecidam,
1624 5653 1858 5711 possum

253 5744 472 5816 quidem
519 5747 918 5813 demonstrare,
952 5755 1004 5801 et
1034 5759 1238 5800 nomen
1268 5741 1367 5798 Dei
1401 5749 1453 5798 et
1483 5741 1661 5812 ipsum
1695 5738 1858 5793 etiam

254 5849 437 5897 actum
469 5842 746 5913 pluraliter
784 5841 1041 5913 proferri.
1098 5839 1259 5909 Quod
1307 5839 1436 5894 licet
1464 5837 1541 5892 ita
1587 5836 1674 5903 sit,
1727 5849 1858 5890 cum

246 5940 361 6013 jam
401 5940 652 6015 superius
697 5940 879 5998 multis
907 5948 1188 5999 ostensum
1221 5941 1295 5996 sit
1326 5936 1631 5996 rationibus
1687 5948 1857 5992 unum

1960 4738 2106 4791 Deus
2116 4737 2200 4790 est
2221 4748 2402 4798 ver-us,
2428 4732 2570 4786 Deus
2585 4730 2793 4796 vivens,
2813 4734 2866 4785 et
2877 4746 2983 4786 rex
2998 4732 3380 4802 sempiternus
3413 4733 3549 4801 (Jer.

1960 4824 2037 4894 x).
2070 4824 2169 4878 Hic
2196 4822 2392 4877 iterum
2424 4827 2477 4876 et
2506 4819 2682 4888 Deus,
2712 4826 2763 4874 et
2794 4818 3009 4886 vivens,
3044 4818 3099 4874 in
3131 4819 3393 4875 Hebraico
3424 4822 3554 4891 plu-

1960 4912 2142 4968 raliter
2170 4910 2387 4966 dicitur.
2431 4909 2565 4963 Cum
2594 4907 2762 4979 igitur
2789 4907 2843 4961 in
2873 4906 3172 4981 Scripturis
3205 4909 3303 4964 Dei
3354 4924 3554 4964 nomen

1961 5009 2014 5057 et
2046 5009 2219 5067 actus,
2252 4996 2576 5072 quandoque
2608 4996 2976 5069 singulariter,
3028 4996 3357 5069 quandoque
3388 4998 3554 5052 etiam

1960 5087 2240 5160 pluraliter
2279 5085 2604 5158 proferatur,
2638 5091 2923 5156 utrumque
2954 5092 3123 5157 patet,
3156 5084 3283 5157 quia
3325 5093 3378 5141 et
3404 5087 3555 5142 Deus

1960 5193 2103 5234 unus
2132 5184 2234 5244 est,
2268 5183 2321 5231 et
2349 5174 2536 5246 plures
2564 5188 2840 5245 personae.

2036 5285 2301 5340 Movsss.
2366 5282 2500 5337 Cum
2556 5296 2621 5337 ex
2663 5280 2973 5336 nominibus
3004 5280 3103 5337 Dei
3147 5285 3430 5337 ostensum
3465 5280 3554 5351 sit,

1963 5389 2129 5429 unum
2158 5388 2280 5427 esse
2312 5372 2486 5427 Deum
2516 5370 2568 5425 in
2598 5368 2845 5441 pluribus
2884 5369 3159 5440 personis,
3205 5378 3371 5426 restat
3402 5388 3560 5443 quae-

1963 5458 2197 5513 rendum
2245 5472 2344 5512 cur
2389 5464 2504 5511 tres
2560 5462 2763 5509 tantum
2810 5453 2915 5508 sint
2950 5470 3205 5524 personae
3260 5457 3400 5512 sicut
3429 5470 3557 5516 cre-

1966 5547 2071 5613 dis,
2103 5554 2156 5602 et
2181 5561 2292 5601 non
2310 5544 2451 5613 duae,
2486 5543 2572 5599 vel
2600 5551 2833 5615 quatuor
2861 5543 3080 5613 plures.

2039 5664 2300 5718 Pamus.
2341 5660 2477 5715 Illud
2505 5674 2642 5715 sane
2654 5658 2767 5727 jam
2790 5658 3038 5729 superius
3059 5660 3418 5727 ostendimus,
3442 5669 3559 5719 tres

1967 5752 2177 5809 scilicet
2229 5766 2354 5806 esse
2408 5763 2697 5821 personas,
2745 5762 2869 5803 cum
2925 5748 2994 5803 de
3021 5749 3126 5805 hoc
3158 5766 3255 5820 per
3283 5751 3556 5807 rationem

1967 5855 2283 5915 ageremus,
2314 5840 2457 5911 quod
2488 5839 2533 5893 si
2563 5846 2619 5893 tu
2666 5835 2953 5892 dissentias
2980 5853 3101 5892 eum
3127 5839 3242 5906 jam
3272 5853 3345 5893 ex
3370 5839 3557 5893 nomi-

1968 5931 2128 5990 nibus
2153 5929 2256 5989 Dei
2283 5928 2467 6002 plures
2484 5943 2609 5986 esse
2634 5926 3287 5999 personasconcesseris,
3304 5924 3398 5982 dic
3416 5941 3556 6000 ergo
