3966 6396
374 384 470 443 eH
1295 370 1496 441 rem
1532 382 1875 441 ALPHONSI
1919 369 2016 439 sx"
2053 384 2293 441 mneo
2333 376 2729 441 cumsuam

3589 384 3700 445 612

372 518 504 584 quot
537 523 804 582 personas
859 523 1087 566 numero
1115 508 1348 566 credere
1407 508 1663 578 volueris,
1695 516 1749 566 et
1783 524 1893 582 ego
1921 509 1969 565 si
1997 510 2053 570 A
2082 509 2286 582 aliquo,
2318 511 2425 566 nisi
2452 490 2659 566 tantum
2689 512 2889 568 mentis
2943 511 3222 571 intellectu
3258 512 3572 586 perspicuo,
3633 524 3700 571 et

366 624 594 682 possum
623 607 865 686 rationes
886 615 1010 665 tuas
1040 606 1369 664 debilitabo.

438 754 705 810 Movsss.
740 751 864 825 Ego
896 758 1045 807 certe
1072 765 1248 823 neque
1292 749 1436 805 duas
1485 765 1666 822 neque
1699 756 1831 816 tres,
1864 765 1971 806 nec

366 850 538 906 ullum
578 850 748 907 credo
778 864 1065 905 numerum
1095 863 1480 920 personarum,
1515 850 1623 905 hoc
1653 863 1785 905 vero
1819 864 1976 921 quae-

369 948 492 1017 sivi,
528 956 584 1004 ut
613 947 723 1003 tuis
762 946 1073 1003 rationibus
1104 946 1468 1002 contrairem.

438 1094 696 1149 Parnus.
745 1089 983 1148 Trinitas
1013 1090 1234 1163 quidem
1263 1090 1465 1147 subtile
1496 1090 1626 1163 quid
1656 1098 1739 1148 est
1758 1098 1811 1147 et
1840 1089 1978 1147 inef-

366 1190 553 1255 fabile,
585 1198 639 1247 et
658 1189 729 1246 ad
743 1187 1144 1261 explanandum
1174 1186 1413 1257 ditﬁcile,
1446 1188 1516 1245 de
1548 1206 1653 1263 qua
1682 1190 1970 1261 prophetae

362 1303 473 1346 non
499 1287 607 1344 nisi
633 1287 846 1345 occulte
870 1286 1037 1345 locuti
1075 1292 1207 1343 sunt
1235 1295 1288 1344 et
1316 1288 1420 1344 sub
1452 1287 1746 1356 velamine,
1773 1288 1980 1362 quoad-

363 1403 536 1460 usque
578 1385 729 1443 venit
765 1385 1033 1452 Christus,
1076 1385 1170 1458 qui
1203 1384 1272 1442 de
1322 1385 1495 1441 tribus
1544 1402 1655 1441 una
1706 1386 1974 1458 personis,

364 1484 611 1541 ﬁdelium
641 1483 790 1539 illam
811 1483 1086 1540 mentibus
1113 1498 1216 1556 pro
1245 1499 1435 1540 eorum
1468 1482 1729 1540 revelavit
1761 1484 1980 1554 capaci-

361 1590 488 1640 tate.
520 1581 579 1639 Si
606 1586 790 1638 tamen
846 1581 1098 1638 attendas
1154 1581 1428 1650 subtilius,
1462 1589 1514 1638 et
1546 1579 1681 1637 illud
1722 1580 1823 1637 Dei
1872 1595 1977 1636 no-

360 1694 507 1747 men,
565 1677 795 1751 quodin
823 1678 1056 1735 secretis
1108 1686 1445 1736 secretorum
1476 1678 1840 1750 explanatum
1888 1677 1977 1733 in-

360 1775 593 1845 venitur,
625 1775 906 1849 inspicias,
939 1787 1094 1848 mni,
1124 1792 1325 1834 nomen
1356 1777 1578 1851 inquam
1619 1777 1781 1833 trium
1826 1776 1978 1832 litte-

359 1890 567 1941 rarum,
590 1874 841 1947 quamvis
867 1882 1099 1948 quatuor
1127 1873 1340 1950 ﬁguris,
1368 1890 1478 1931 una
1522 1890 1760 1947 namque
1789 1874 1859 1930 de
1900 1873 1970 1929 il-
2001 1873 2054 1934 B

357 1970 426 2027 lis
444 1971 722 2046 geminata
750 1972 835 2027 bis
862 1971 1142 2040 scribitur,
1181 1970 1228 2028 si
1257 1971 1488 2044 inquam
1516 1970 1652 2028 illud
1682 1970 1963 2042 inspicias,

358 2069 572 2126 videbis
597 2068 721 2142 quia
776 2068 924 2125 idem
978 2084 1179 2126 nomen
1206 2077 1260 2126 et
1288 2085 1457 2125 unum
1500 2068 1573 2124 sit
1600 2076 1658 2125 et
1691 2067 1822 2124 tria.
1861 2067 1971 2124 Sed

356 2166 506 2241 quod
534 2183 703 2224 unum
730 2175 833 2234 est,
869 2167 938 2223 ad
989 2166 1254 2223 unitatem
1284 2165 1620 2229 substantiae,
1664 2164 1812 2239 quod
1835 2179 1970 2221 vero

357 2264 487 2332 tria,
537 2264 609 2321 ad
648 2264 962 2321 Trinitatem
1006 2262 1232 2335 respicit
1281 2276 1670 2335 personarum.
1739 2260 1972 2340 Constat

358 2369 542 2420 autem
570 2376 774 2419 nomen
799 2359 933 2416 illud
963 2358 1047 2414 his
1076 2365 1305 2431 quatuor
1333 2356 1549 2430 ﬁguris,
1582 2368 1601 2407 τ
1622 2364 1677 2413 et
1704 2368 1746 2418 rt
1771 2364 1824 2413 et
1864 2366 1883 2405 τ
1918 2364 1972 2412 et

359 2473 402 2525 Π
425 2475 439 2517 :
461 2475 697 2533 quarum
724 2458 773 2515 si
799 2459 1031 2530 primam
1060 2464 1267 2514 tantum
1298 2455 1656 2529 conjunxeris
1686 2463 1739 2511 et
1769 2470 1972 2511 secun-

360 2558 509 2625 dam,
542 2569 562 2608 η
594 2557 802 2615 scilicet
832 2564 885 2614 et
911 2570 973 2623 Π,
1007 2557 1105 2612 erit
1134 2571 1269 2611 sane
1300 2570 1501 2611 nomen
1537 2570 1727 2609 unum.
1761 2553 1894 2609 Item
1925 2550 1975 2607 si

361 2654 660 2715 secundam
688 2662 742 2712 et
762 2654 999 2723 tertiam,
1029 2665 1072 2716 Π
1092 2652 1359 2711 scilicetet
1384 2662 1430 2718 π,
1456 2652 1578 2721 jam
1610 2650 1840 2707 habebis
1885 2649 1973 2705 al-

362 2761 561 2812 terum.
628 2753 913 2816 Similiter.
954 2753 1003 2810 si
1062 2752 1282 2809 tertiam
1352 2759 1563 2807 tantum
1621 2747 1973 2823 copulaveris

360 2860 528 2926 atque
572 2859 841 2926 quartam,
899 2850 1110 2909 scilicet
1136 2858 1230 2911 'Iet
1254 2861 1296 2911 Π
1316 2849 1567 2906 invenies
1614 2856 1671 2905 at
1716 2848 1963 2904 tertium.

361 2946 573 3004 Rursus
602 2946 650 3002 si
675 2961 870 3004 omnes
915 2944 1078 3002 simul
1104 2945 1162 3000 in
1191 2944 1385 3001 ordine
1428 2944 1815 3009 connexuerts,
1850 2956 1962 2998 non

357 3045 466 3102 erit
513 3045 619 3102 nisi
673 3060 875 3103 nomen
902 3059 1091 3113 unum,
1124 3043 1266 3101 sicut
1320 3042 1378 3099 in
1405 3042 1511 3099 ista
1540 3049 1695 3115 patet
1738 3055 1972 3114 geome-

432 4345 719 4422 Perpende
745 4344 926 4420 itaque
952 4360 987 4405 o
1016 4345 1236 4419 Moyses
1292 4359 1459 4419 quam
1511 4347 1790 4404 secretum
1820 4344 1891 4403 sit
1917 4354 1972 4404 et

362 4447 560 4507 subtile
587 4462 788 4505 nomen
834 4444 979 4503 istud
1014 4454 1068 4504 et
1109 4443 1411 4514 ineﬁ‘abile,
1441 4452 1499 4502 et
1527 4445 1672 4519 quod
1719 4460 1832 4503 non
1860 4444 1970 4502 nisi

358 4546 663 4620 perspicaci
700 4544 900 4602 mentis
926 4544 1141 4613 intuitu,
1173 4550 1229 4601 et
1257 4542 1523 4617 profunda
1561 4544 1749 4602 valeat
1782 4559 1961 4617 agno-

2002 3240 2053 3307 C

2084 598 2226 655 miro
2252 600 2427 671 possit
2446 599 2709 672 perpendi
2731 600 2981 675 ingenio.
3016 603 3198 658 Potest
3229 603 3395 658 etiam
3423 603 3478 658 in
3511 602 3699 661 multis

2084 686 2207 743 aliis
2228 688 2471 744 Trinitas
2486 688 2757 752 denotari,
2782 689 2926 746 sicut
2946 688 3002 745 in
3021 688 3251 746 ﬁmbriis
3267 705 3406 762 quas
3429 691 3696 747 Dominus

2086 775 2228 832 ﬁlios
2263 776 2434 832 Israel
2462 777 2518 833 in
2552 777 2888 834 vestimentis
2930 778 3045 835 suis
3084 794 3184 850 per
3231 780 3457 851 Moysen
3485 780 3692 836 habere

2084 865 2344 936 praecepit
2381 866 2603 923 dicens:
2645 867 2892 938 Loquere
2919 868 3060 936 [iliis
3084 868 3291 933 Israel,
3330 872 3392 925 et
3426 868 3576 925 dices
3619 869 3697 926 ad

2084 970 2198 1020 eos,
2227 959 2291 1010 ut
2312 956 2538 1025 faciant
2570 955 2678 1012 sibi
2711 956 2973 1025 ﬁmbrias
3003 957 3068 1012 in
3097 958 3326 1028 angulis
3355 958 3695 1030 pomorum,

2081 1048 2359 1116 ponentes
2374 1044 2437 1099 in
2454 1044 2534 1100 eis
2555 1046 2732 1100 vittas
2755 1044 3183 1117 hyacinthinas,
3222 1062 3361 1118 quas
3381 1062 3512 1103 cum
3542 1047 3697 1104 vide-

2086 1134 2228 1201 rint,
2272 1134 2647 1190 recordentur
2700 1135 2958 1191 omnium
3013 1134 3416 1192 mandatorum
3462 1136 3694 1193 Domini

2086 1218 2275 1287 (Num.
2308 1220 2447 1287 XIX).
2470 1217 2726 1273 Fimbriae
2755 1216 2958 1290 quippe
2986 1216 3093 1275 illa;
3127 1227 3359 1290 quatuor
3386 1226 3544 1274 erant
3571 1216 3697 1275 ﬁlo-

2085 1322 2223 1372 rum,
2244 1306 2341 1364 sed
2362 1305 2781 1377 duplicatorum,
2820 1307 2878 1362 in
2899 1306 3167 1379 superiori
3195 1306 3420 1380 quidem
3436 1306 3519 1363 sui
3536 1314 3695 1378 parte

2086 1399 2193 1448 tres
2222 1391 2398 1448 nodos
2430 1392 2714 1458 habentes,
2748 1391 2803 1447 in
2833 1391 3077 1448 interiori
3109 1408 3241 1449 vero
3270 1392 3428 1448 duos.
3450 1391 3560 1449 Sed
3589 1408 3696 1465 per

2088 1477 2179 1535 ﬁla
2204 1488 2456 1552 quatuor,
2498 1489 2727 1551 quatuor
2754 1479 2882 1534 anni
2913 1488 3161 1551 tempora
3190 1478 3567 1549 designantur,
3591 1495 3695 1551 per

2085 1566 2301 1625 ﬁlorum
2348 1583 2484 1625 vero
2510 1567 2888 1639 duplicitatem
2944 1569 3066 1625 dies
3096 1576 3150 1626 et
3178 1576 3386 1634 noctes,
3438 1568 3696 1625 videlicet

2086 1665 2145 1712 ut
2175 1666 2407 1730 quatuor
2432 1657 2564 1714 anni
2590 1657 2956 1729 temporibus,
2990 1657 3156 1714 iidem
3183 1664 3299 1713 toto
3337 1672 3501 1726 anno,
3533 1665 3694 1715 nocte

2086 1761 2303 1819 quoque
2331 1753 2386 1801 et
2431 1745 2543 1813 die,
2574 1746 2675 1802 Dei
2712 1746 3092 1802 mandatorum
3144 1761 3419 1802 memores
3470 1753 3682 1802 essent.

2084 1836 2222 1891 Nam
2252 1851 2351 1906 per
2377 1842 2491 1891 tres
2537 1835 2711 1891 nodos
2751 1835 3088 1907 superiores,
3136 1834 3377 1891 Trinitas
3415 1849 3692 1906 persona-

2083 1940 2229 1992 rum,
2263 1940 2364 1996 per
2417 1924 2553 1980 duos
2607 1932 2788 1980 autem
2839 1923 3149 1987 inferiores,
3197 1923 3308 1979 duo
3336 1923 3683 1981 insinuantur

2081 2013 2447 2081 Testamenta,
2477 2013 2565 2070 lex
2594 2012 2805 2070 scilicet
2825 2012 3047 2085 Moysis,
3078 2020 3135 2069 et
3167 2012 3553 2084 Evangelium.
3586 2013 3691 2068 No-

2083 2106 2227 2159 tatur
2280 2118 2497 2175 quoque
2550 2101 2785 2158 Trinitas
2839 2101 2899 2157 in
2959 2102 3137 2158 tribus
3185 2102 3688 2169 benedictionibus,

2081 2201 2277 2275 quibus
2308 2202 2499 2259 Aaron
2530 2209 2584 2258 et
2606 2200 2701 2257 ﬁlii
2729 2202 2852 2274 ejus
2902 2201 3302 2258 benenicebant
3345 2200 3471 2258 ﬁliis
3517 2200 3693 2257 Israel

2081 2307 2146 2347 ex
2176 2298 2449 2362 praecepto
2477 2290 2699 2348 Domini
2727 2292 2962 2349 dicentis
3007 2292 3076 2348 ad
3127 2292 3350 2364 Moysen
3380 2308 3396 2346 :
3442 2293 3690 2364 Loquere

2085 2382 2275 2436 Aaron
2294 2385 2349 2437 et
2379 2380 2519 2449 ﬁliis
2539 2382 2661 2452 ejus
2690 2396 2703 2434 :
2745 2382 2835 2438 Sic
2869 2380 3211 2437 benedicetis
3241 2381 3381 2450 ﬁliis
3401 2380 3597 2445 Israel,
3624 2383 3685 2436 et

2082 2469 2283 2526 dicetis
2301 2470 2417 2526 eis:
2450 2469 2757 2526 Benedicat
2781 2471 2883 2527 tibi
2904 2471 3194 2533 Dominus,
3218 2474 3274 2525 et
3302 2469 3582 2525 custodiat
3608 2472 3685 2524 te.

2080 2554 2348 2612 ostendat
2389 2554 2662 2610 Dominus
2697 2555 2909 2625 faciem
2926 2570 3086 2611 suam
3119 2555 3239 2620 tibi,
3266 2557 3323 2610 et
3348 2553 3694 2609 misereatur

2083 2644 2190 2710 tui,
2215 2646 2508 2701 convertat
2545 2645 2818 2700 Dominus
2857 2644 3081 2700 vultum
3104 2659 3275 2699 suum
3309 2642 3382 2698 ad
3413 2649 3484 2710 te,
3509 2650 3567 2698 et
3588 2641 3687 2697 det

2084 2741 2184 2797 tibi
2199 2756 2397 2813 pacem
2413 2741 2600 2812 (Num.
2623 2741 2718 2810 v1).
2753 2741 2848 2796 His
2877 2740 3077 2813 quippe
3096 2739 3569 2798 benedictionibus
3599 2754 3683 2795 sa-

2081 2830 2276 2887 cerdos
2288 2829 2449 2887 alicui
2465 2829 2820 2897 benedicens,
2844 2840 3127 2902 protensas
3148 2834 3276 2885 ante
3297 2831 3503 2886 vultum
3520 2844 3680 2883 suum

2079 2919 2295 2992 palmas
2316 2929 2581 2991 utrasque
2608 2919 2851 2975 tenebat.
2905 2919 3041 2975 Cum
3072 2934 3199 2976 vero
3238 2919 3455 2976 dicebat
3488 2917 3681 2976 Domi-

2080 3025 2183 3065 nus
2211 3024 2377 3081 quem
2431 3008 2699 3065 Hebraice
2748 3008 2841 3064 illo
2871 3007 3017 3081 quod
3064 3024 3230 3080 supra
3270 3007 3511 3063 diximus
3542 3008 3683 3062 trino

2081 3114 2135 3164 et
2187 3122 2299 3163 uno
2344 3106 2569 3163 nomine
2628 3106 2991 3179 exprimebat,
3049 3113 3162 3162 tres
3192 3104 3395 3179 digitos
3448 3104 3678 3178 priores,

2082 3195 2337 3269 pollicem
2394 3195 2668 3265 videlicet,
2727 3195 2984 3262 indicem,
3015 3202 3177 3269 atque
3213 3194 3454 3252 medium
3483 3210 3677 3250 manus

2082 3281 2365 3355 utriusque
2417 3289 2598 3338 rectos
2634 3280 2795 3337 altius
2844 3280 3109 3354 erigebat,
3170 3287 3222 3337 et
3271 3279 3417 3337 dicto
3448 3279 3521 3335 ila
3572 3279 3690 3335 Do-

2078 3380 2247 3446 mino,
2305 3379 2508 3454 digitos
2555 3388 2612 3436 ut
2667 3379 2823 3452 prius
2877 3378 3206 3435 remittebat.
3265 3377 3376 3435 Sed
3429 3377 3586 3444 mihi,
3641 3391 3675 3433 ο

2079 3470 2317 3542 Moyses,
2350 3467 2487 3542 quid
2516 3468 2673 3525 trium
2703 3467 2999 3543 digitorum
3016 3467 3259 3525 elatione
3288 3467 3484 3524 melius
3516 3481 3678 3541 quam

2078 3556 2357 3615 Trinitatis
2410 3556 2731 3615 excellentia
2759 3557 2962 3630 poterit
3016 3556 3409 3632 allegorizari?
3454 3554 3610 3625 Quod
3641 3555 3690 3611 si

2080 3646 2215 3720 quid
2243 3646 2398 3703 aliud
2428 3663 2598 3719 super
2626 3647 2715 3703 his
2744 3654 2936 3704 notare
2965 3654 3022 3703 tu
3051 3646 3202 3703 noris
3229 3653 3284 3703 et
3309 3644 3511 3714 valeas,
3530 3643 3683 3714 mihi,

2080 3752 2268 3809 quaso
2298 3735 2570 3793 edisseras
2583 3780 2597 3794 .

2148 3885 2420 3943 Movsas.
2484 3885 2625 3943 Sane
2664 3901 2844 3959 neque
2874 3884 3009 3942 illud
3047 3884 3196 3958 quod
3237 3883 3469 3957 dixistis,
3502 3900 3688 3959 neque

2078 3984 2375 4059 quidquam
2404 3984 2550 4041 aliud
2580 4001 2749 4057 super
2774 3985 2894 4041 haec
2923 4000 3167 4057 unquam
3212 3984 3537 4041 notavimus.
3574 3983 3684 4041 Sed

2077 4098 2179 4141 nec
2208 4083 2461 4141 doctores
2492 4082 2669 4141 nostri
2693 4082 2971 4156 quidpiam
3018 4081 3320 4140 notandum
3358 4098 3486 4141 esse
3512 4081 3673 4139 dixe-

2080 4188 2225 4238 runt.

2147 4333 2405 4390 Paraus.
2439 4331 2580 4404 Quid
2623 4332 2789 4389 etiam
2816 4330 2927 4389 nisi
2968 4330 3187 4387 trinitas
3232 4343 3595 4403 personarum
3624 4324 3680 4386 lu

2074 4447 2142 4491 eo
2169 4431 2313 4505 quod
2371 4431 2506 4489 dicit
2535 4431 2706 4487 Isaias
2761 4432 3029 4503 prOpheta
3086 4429 3262 4487 notari
3290 4438 3488 4503 potest,
3544 4428 3684 4484 trina

2078 4531 2328 4589 videlicet
2353 4531 2674 4604 angelorum
2704 4545 2840 4587 voce
2869 4528 3210 4586 laudantium
3232 4529 3404 4585 Deum
3427 4535 3480 4584 et
3499 4527 3685 4585 dicen-

359 4614 439 4705 ξεί
488 4614 859 4720 indagatione,
899 4650 1133 4701 testante
1160 4614 1348 4715 Moyse
1373 4642 1464 4716 qui
1495 4642 1569 4699 ait
1597 4642 1652 4699 in
1692 4614 1962 4700 θεοίει-ο-
1990 4614 2044 4676 D
2075 4632 2246 4687 tium:
2278 4629 2544 4697 Sanctus,
2563 4632 2817 4699 sanctus,
2839 4632 3093 4695 sanctus,
3120 4627 3397 4683 Dominus
3416 4625 3563 4683 Deus
3582 4625 3685 4682 Sa-

357 4745 581 4804 nomio:
611 4744 762 4803 Scito
797 4741 961 4801 hodie
981 4745 1040 4801 et
1067 4741 1257 4815 cogita
1282 4745 1348 4799 tu
1376 4742 1441 4798 in
1470 4740 1637 4799 corde
1671 4745 1789 4812 tuo,
1816 4741 1967 4812 quod

355 4843 764 4916 Dominusipse
786 4845 872 4898 est
904 4841 1067 4907 Deus,
1094 4840 1159 4896 in
1195 4837 1335 4896 caelo
1354 4855 1606 4907 sursum,
1646 4842 1703 4896 et
1724 4840 1788 4895 in
1814 4844 1968 4895 terra

355 4938 638 5004 deorsum,
656 4937 925 4995 etnonsit
943 4936 1095 4992 alius
1118 4935 1310 5005 (Deut.
1337 4935 1435 5007 tv).
1468 4934 1571 4990 Ubi
1592 4932 1739 4989 enim
1770 4932 1827 4989 in
1858 4933 1966 4989 La-

356 5039 469 5096 tino
499 5036 718 5112 ponitur
735 5036 1027 5105 Dominus,
1053 5033 1108 5088 in
1130 5033 1360 5089 Hebraeo
1390 5031 1613 5106 quidem
1644 5031 1965 5106 praedictum

355 5151 558 5193 nomen
594 5133 863 5202 invenies,
904 5132 998 5189 ubi
1026 5147 1160 5189 vero
1213 5131 1368 5190 Deus
1406 5131 1461 5188 in
1503 5131 1719 5199 Latino,
1753 5131 1810 5188 in
1852 5132 1968 5189 He-

354 5235 507 5294 braeo
533 5232 792 5291 scribitur
816 5232 1058 5294 Elohim.
1086 5230 1234 5304 quod
1265 5229 1639 5301 pluralitatem
1670 5227 1962 5304 signiﬁcat.

354 5332 425 5390 Ut
442 5340 623 5391 autem
652 5338 964 5406 patesceret
992 5328 1246 5387 eumdem
1284 5343 1414 5386 esse
1443 5328 1622 5385 Deum
1643 5326 1737 5400 qui
1768 5335 1823 5385 et
1855 5327 1966 5385 sin-

356 5430 530 5503 gulari
565 5429 788 5504 proprio
820 5436 873 5486 et
901 5426 1097 5495 plurali
1132 5424 1463 5500 appellativo
1490 5435 1833 5499 nuncupatur
1859 5441 1963 5484 vo-

358 5528 575 5595 cabulo,
601 5527 707 5584 sed
734 5536 787 5584 et
821 5542 891 5583 ne
937 5525 1124 5598 plures
1162 5524 1300 5583 deos
1348 5523 1466 5582 fore
1515 5532 1795 5597 putarent,
1852 5523 1961 5581 ad-

356 5622 553 5693 iunxit,
585 5627 643 5681 et
672 5638 787 5680 non
829 5625 907 5679 sit
953 5622 1126 5679 alius.
1182 5619 1343 5693 Quod
1376 5635 1513 5678 vero
1543 5619 1679 5677 dixit
1718 5620 1959 5694 Moyses,

360 5717 500 5775 scito
535 5721 593 5774 et
619 5718 805 5788 cogita
844 5721 912 5775 tu
944 5719 1006 5773 in
1047 5716 1213 5776 corde
1238 5721 1336 5776 tuo
1387 5718 1712 5792 (Κῶπαι),
1765 5734 1963 5777 revera

358 5814 597 5873 insinuat
648 5814 778 5888 quia
804 5815 1040 5872 nominis
1067 5815 1231 5885 hujus
1283 5831 1487 5875 arcana
1539 5817 1830 5886 subtilitas,
1862 5834 1961 5877 ne-

365 5929 470 5991 que
496 5913 632 5984 visu,
662 5929 846 5988 neque
872 5914 1080 5983 auditu,
1099 5930 1277 5988 neque
1299 5916 1369 5973 de
1391 5916 1681 5989 corporeis
1704 5918 1961 5975 sensibus

2075 4728 2283 4786 baoth?
2326 4728 2462 4799 (Isa.
2497 4728 2599 4801 vt.)
2630 4728 2739 4784 Cur
2765 4728 2912 4785 enim
2960 4730 3048 4784 ter
3101 4733 3313 4782 tantum
3344 4731 3565 4782 sanctus
3594 4723 3684 4779 di-

2076 4832 2202 4881 cunt
2229 4825 2408 4898 magis
2436 4839 2597 4898 quam
2623 4820 2924 4884 semel.vel
2953 4821 3057 4888 bis,
3074 4820 3165 4877 vel
3193 4819 3401 4889 decies,
3431 4818 3520 4876 vel
3548 4835 3680 4877 cen-

2075 4922 2198 4993 ties,
2231 4922 2323 4980 vel
2368 4922 2476 4978 alio
2518 4907 2748 4978 numero
2785 4919 3018 4992 aliquo?
3057 4918 3168 4975 Cur
3197 4918 3243 4974 si
3289 4918 3534 4974 breviter
3568 4917 3683 4974 lan-

2076 5020 2211 5077 dare
2240 5019 2446 5077 vellent
2482 5017 2657 5076 semel
2696 5020 2937 5075 sanctus
2978 5031 3091 5073 non
3122 5015 3412 5072 dicerent?
3440 5013 3501 5070 Si
3543 5029 3679 5071 vero

2075 5118 2327 5188 multum,
2383 5134 2484 5176 cur
2507 5133 2618 5175 non
2666 5125 2955 5175 centenum
2979 5114 3067 5172 vel
3099 5113 3399 5183 millenam,
3437 5111 3526 5170 vel
3555 5112 3678 5168 inu-

2073 5232 2291 5275 meram
2322 5216 2540 5274 laudem
2570 5215 2893 5273 exhiberent
2911 5214 2941 5269 7

2142 5374 2415 5429 Movsss.
2452 5370 2567 5426 Nos
2596 5368 2818 5443 quidem
2848 5366 2902 5422 in
2923 5363 3251 5439 angelorum
3274 5361 3433 5419 laude
3455 5376 3673 5418 causam

2071 5471 2274 5529 nullam
2328 5471 2478 5528 vocis
2534 5469 2679 5526 illius
2739 5466 2915 5535 trinas,
2971 5464 3078 5522 nisi
3132 5463 3403 5537 placitum
3468 5460 3671 5518 scimus

2071 5572 2319 5645 ipsorum
2332 5610 2347 5626 .

2140 5721 2400 5779 PETRUS.
2436 5718 2493 5779 Si
2522 5718 2591 5775 ad
2620 5716 2841 5790 singula
2865 5730 2991 5789 qua
3025 5725 3368 5787 proposuero
3395 5706 3669 5767 nescimus

2069 5818 2447 5894 responderis,
2491 5816 2584 5891 qui
2624 5814 2772 5873 aliud
2811 5827 2975 5887 quam
3002 5820 3057 5869 te
3087 5810 3289 5869 victum
3311 5815 3366 5866 et
3407 5804 3669 5865 contraire

2068 5919 2407 5976 nescientem
2447 5913 2636 5973 fateris
2657 5913 2687 5969 τ
2729 5912 2987 5970 Testatur
3005 5923 3139 5966 sane
3167 5918 3219 5966 et
3258 5904 3438 5963 David
3466 5917 3665 5977 perso-
