3966 6456
237 391 332 450 6'3
1738 380 2053 452 DIALOGI.
3445 403 3550 472 θη

239 532 415 572 narum
459 515 762 574 trinitatem
824 536 953 576 cum
1007 518 1137 576 dicit
1168 539 1178 574 :
1233 519 1476 589 Quaerite
1535 521 1844 575 Dominum
1875 521 1930 582 A
1954 524 2099 580 vobis
2114 529 2200 581 est
2219 527 2479 583 molestos
2499 544 2618 585 esse
2632 530 2974 598 hominibus,
2998 534 3129 604 quia
3150 535 3374 591 molesti
3413 539 3550 591 estis

233 607 310 674 [et
330 605 790 676 conﬁrmamini,
825 609 954 678 etc.]
976 612 1034 664 et
1059 610 1330 665 virtutem
1359 608 1502 679 ejus,
1525 612 1583 664 et
1610 609 1848 681 quwrite
1955 615 2011 666 et
2036 612 2140 668 Deo
2159 630 2276 670 meo
2302 618 2582 689 ?Pr0pter
2617 618 2716 674 hoc
2750 621 2907 675 dabit
2937 621 3211 676 Dominus
3253 625 3370 694 ipse
3403 625 3550 680 vobis

234 695 437 764 [aciem
455 697 580 762 eius
601 712 838 768 sernper
867 697 1042 768 (Psai.
1067 697 1200 760 ειν).
1235 695 1377 765 Quid
1409 705 1491 752 est
1517 697 1660 751 enim
1705 695 1850 766 quod
1955 700 2211 770 signum:
2235 705 2371 760 Ecce
2400 706 2549 778 virgo
2569 709 2869 780 concipiet,
2884 713 2941 764 et
2961 711 3148 781 pariet
3166 711 3444 779 ﬁlium,et
3461 729 3552 769 vo-

241 783 402 838 dixit:
428 787 669 855 quaerite
691 786 1067 842 dominumet
1083 786 1352 842 virtutem
1379 787 1856 856 ejus,etquterite-
1957 790 2104 845 cabit
2120 807 2323 847 nomen
2363 795 2482 863 ejus
2522 795 2859 852 Emmanuel
2880 798 3032 867 (Luc.
3075 814 3094 852 1
3121 813 3132 864 ;
3156 800 3355 855 Matth.
3379 815 3447 865 ι).
3488 802 3553 856 Et

247 875 450 943 [aciem
471 875 617 942 eius,
643 875 748 928 nisi
794 875 1021 944 quaerite
1061 875 1292 939 Patrem,
1331 883 1385 929 et
1405 874 1617 941 Filium,
1647 881 1701 928 et
1728 875 1853 944 Spi-

247 961 446 1014 ritum‘?
474 960 615 1031 Quia
645 979 888 1033 namque
915 979 1014 1033 per
1042 965 1291 1017 virtutem
1323 963 1540 1018 Domini
1563 963 1662 1016 nisi
1686 962 1854 1016 Filius

248 1048 382 1118 ejus,
415 1051 504 1120 qui
563 1067 692 1106 vero
751 1068 854 1123 per
920 1051 1135 1117 faciem,
1199 1052 1300 1106 nisi
1358 1051 1586 1123 Spiritus
1642 1059 1856 1107 sanctus

248 1137 562 1211 intelligitur
591 1141 619 1192 ‘?
658 1138 817 1208 Quod
859 1140 903 1195 si
936 1148 989 1196 tu
1045 1139 1191 1195 aliud
1249 1141 1540 1213 intelligas,
1597 1141 1852 1195 edissere.

251 1227 376 1282 Haec
407 1227 589 1298 itaque
615 1235 924 1284 sanctarum
984 1229 1288 1284 testimonia
1337 1229 1732 1299 Scripturarum
1787 1228 1858 1283 de

254 1315 484 1370 trinitate
525 1332 901 1387 personarum,
961 1317 1089 1372 satis
1139 1316 1562 1388 intelligentibus
1611 1315 1856 1372 sufﬁcere

251 1412 522 1474 poterunt.
555 1405 613 1461 Si
646 1405 793 1459 enim
826 1413 1021 1460 cuncta
1076 1421 1196 1474 qua)
1252 1421 1466 1476 possem
1522 1421 1684 1474 super
1741 1407 1856 1460 haec

252 1492 563 1548 inducerem
595 1494 918 1561 testimonia,
950 1494 1088 1549 liber
1115 1509 1179 1549 ea
1207 1509 1438 1565 magnus
1466 1509 1576 1550 non
1605 1501 1846 1564 caperet.

252 1581 332 1636 De
356 1584 438 1636 his
468 1583 633 1654 igitur
659 1584 938 1638 hactenus.
973 1583 1030 1637 Si
1079 1582 1209 1652 quid
1257 1591 1436 1638 autem
1484 1582 1630 1638 aliud
1691 1583 1858 1639 habes

252 1673 610 1745 interrogare,
641 1687 707 1726 ne
737 1671 992 1726 moreris.

827 1795 1123 1852 TITULUS
1167 1796 1284 1850 VII.

1959 879 2074 932 haec
2102 881 2318 950 quidam
2351 885 2632 953 prophetia
2661 893 2878 955 prepter
2907 886 3173 941 Christum
3203 888 3348 944 dicta
3369 897 3468 957 est,
3501 897 3555 944 et

1959 967 2026 1021 ad
2057 968 2270 1024 beatam
2299 986 2396 1039 per
2424 973 2677 1044 angelum
2709 975 2930 1029 Mariam
2961 976 3212 1046 repetita.

2031 1095 2286 1152 Movsss.
2321 1097 2385 1152 Et
2413 1099 2684 1168 quomodo
2713 1103 2816 1157 hoc
2845 1110 2985 1158 stare
3015 1104 3228 1174 poterit,
3262 1105 3405 1174 quod
3440 1108 3555 1162 haac

1962 1198 2082 1252 quae
2110 1185 2178 1237 ad
2198 1187 2370 1240 Achaz
2393 1188 2654 1242 nuntiavit
2673 1189 2858 1256 Isaias,
2892 1199 3111 1264 pr0pter
3164 1192 3434 1248 Christum
3494 1203 3555 1250 ut

1962 1272 2153 1326 asseris
2178 1273 2319 1328 dicta
2347 1275 2450 1328 sint
2479 1284 2532 1330 et
2559 1277 2803 1347 Mariam,
2842 1294 2963 1333 cum
3031 1279 3101 1334 ab
3155 1283 3330 1336 Achaz
3389 1299 3556 1353 usque

1963 1360 2030 1413 ad
2063 1361 2282 1416 Mariam
2310 1362 2494 1430 multa,
2530 1373 2584 1417 ut
2625 1366 2738 1436 ipse
2795 1368 2953 1434 nosti,
3012 1384 3272 1424 annorum
3331 1379 3555 1426 centena

1964 1449 2264 1504 transierint
2292 1451 2321 1506 τ

2043 1575 2280 1631 Parnns.
2316 1576 2373 1632 Si
2421 1586 2642 1650 propter
2698 1579 2965 1635 Christum
3024 1590 3076 1637 et
3130 1583 3354 1639 Mariam
3414 1584 3558 1642 dicta

1964 1679 2079 1719 esse
2110 1680 2216 1719 non
2243 1665 2437 1733 credis,
2471 1676 2692 1740 propter
2721 1685 2880 1740 quem
2937 1686 3067 1744 ergo
3127 1673 3333 1744 prolata
3391 1674 3554 1731 fuisse

1965 1753 2237 1808 arbitraris
2266 1755 2294 1807 ‘?

259 1885 538 1954 Quomodo
560 1885 713 1957 Virgo
730 1883 928 1951 Maria,
951 1885 1018 1941 de
1039 1885 1262 1957 Spiritu
1293 1887 1496 1941 sancto
1532 1885 1860 1957 concipiens
1887 1881 1940 1942 Β
2040 1880 2287 1935 Μογεεε.
2340 1881 2584 1937 Profecto
2657 1891 2876 1954 propter
2941 1900 3165 1941 uxorem
3240 1889 3434 1957 Achaz,
3505 1896 3558 1946 et

581 1985 703 2038 sine
727 1983 838 2038 viri
865 1983 1275 2038 commixtione
1292 1984 1535 2055 peperit.

328 2095 588 2148 Movsas.
619 2093 738 2148 Jam
769 2093 837 2147 de
884 2093 1052 2148 Maria
1109 2093 1234 2149 volo
1291 2092 1571 2159 cdisseras,
1636 2093 1864 2164 qualiter

257 2199 379 2238 eam
408 2182 524 2236 sine
555 2182 654 2236 viri
685 2181 880 2251 copula
909 2181 1178 2253 peperisse
1209 2182 1366 2251 (Luc.
1421 2197 1439 2235 ι
1473 2196 1486 2252 ;
1547 2181 1752 2238 Matth.
1820 2184 1860 2253 ι)

255 2271 464 2339 credas,
497 2279 549 2325 et
577 2285 681 2342 ego
709 2270 753 2324 si
781 2277 968 2341 potero
998 2269 1298 2326 contraibo.

332 2375 575 2429 Penus.
599 2371 882 2428 Credimus
935 2388 1062 2428 sane
1121 2372 1323 2441 Spiritu
1378 2380 1561 2428 sancto
1617 2373 1673 2426 in
1740 2388 1862 2428 eam

260 2462 696 2534 superveniente,
744 2461 936 2516 virtute
974 2461 1230 2515 Altissimi
1261 2461 1434 2530 ipsam
1484 2460 1862 2530 obumbrante,

263 2551 333 2607 de
360 2551 529 2622 ipsius
557 2549 838 2615 membris,
870 2556 926 2604 ut
954 2550 1070 2604 Deo
1118 2550 1337 2618 placuit,
1397 2549 1538 2606 vires
1584 2551 1640 2604 in
1695 2565 1863 2604 unum

267 2639 603 2707 convenisse,
635 2646 688 2693 et
716 2638 790 2693 ita
817 2653 937 2693 eam
959 2638 1076 2693 sine
1103 2638 1204 2692 viri
1234 2639 1428 2708 copula
1455 2639 1789 2709 concepisse.

337 2757 594 2812 Movsas.
627 2753 767 2808 Mira
813 2752 1028 2823 quidem
1085 2770 1172 2809 res
1226 2760 1280 2808 et
1333 2753 1400 2808 ad
1457 2752 1866 2826 intelligendum

272 2843 526 2911 difﬁcilis,
558 2841 1017 2913 quemadmodum
1056 2841 1122 2896 de
1151 2850 1321 2897 matre
1368 2841 1508 2898 ﬁlius
1554 2842 1668 2897 sine
1717 2849 1870 2912 patre

272 2934 470 2990 carnali
500 2932 653 3005 gigni
684 2931 933 3002 potuerit.
965 2930 1221 2986 Videmus
1249 2930 1392 2985 enim
1439 2931 1494 2984 in
1543 2931 1642 2986 ista
1685 2929 1869 2986 homi-

272 3039 400 3078 num
429 3027 685 3077 consueta
721 3020 1090 3092 generatione,
1125 3019 1251 3089 quia
1280 3020 1378 3074 nisi
1410 3019 1618 3074 duabus
1665 3019 1868 3074 naturis

273 3109 737 3177 convenientibus,
769 3109 868 3164 viri
898 3108 1116 3179 quidem
1145 3125 1208 3164 ac
1238 3108 1474 3176 feminae,
1507 3110 1672 3165 homo
1693 3124 1867 3180 gene-

276 3201 380 3256 rari
407 3215 520 3255 non
547 3197 736 3268 possit.

345 3306 590 3362 Penus.
623 3305 731 3360 Cur
759 3303 858 3360 ista
877 3305 1154 3376 generatio
1184 3305 1322 3359 mira
1378 3303 1475 3360 tibi
1527 3303 1758 3372 videtur,
1819 3312 1872 3358 et

278 3394 581 3461 ineﬁ'abilis,
637 3409 760 3448 cum
813 3394 927 3464 jam
985 3393 1317 3449 consimilem
1384 3393 1634 3460 audieris,
1712 3409 1873 3464 quam

281 3485 547 3541 credimus
571 3490 624 3538 et
651 3499 751 3538 nos
778 3489 833 3537 et
872 3498 988 3549 vos,
1046 3483 1219 3539 Evam
1274 3481 1526 3538 videlicet
1577 3483 1692 3536 sine
1750 3498 1875 3537 ma-

281 3583 356 3630 tre
383 3573 452 3628 de
482 3579 651 3643 patre,
709 3573 815 3627 hoc
859 3578 939 3626 est
983 3569 1050 3624 de
1106 3586 1268 3626 carne
1321 3570 1492 3626 Adam
1543 3571 1814 3642 procreari
1845 3573 1874 3625 ?

283 3664 441 3735 (Gen.
473 3661 560 3731 ιι.)

351 3771 605 3826 Mersus.
638 3767 816 3822 Potuit
845 3783 974 3823 sane
1002 3766 1281 3840 generatio
1336 3767 1429 3823 illa
1483 3767 1621 3825 sicut
1674 3775 1728 3824 et
1779 3767 1880 3823 ista

279 3877 379 3932 per
404 3855 723 3913 miraculum
753 3854 890 3921 ﬁeri,
924 3855 1021 3911 sed
1049 3855 1117 3910 de
1159 3856 1257 3911 ista
1304 3857 1522 3926 quidem
1561 3857 1705 3928 quod
1756 3857 1879 3912 fue-

281 3950 349 4004 rit
375 3943 746 4003 auctoritatem
778 3943 1058 4012 habemus,
1101 3943 1268 4014 Moysi
1304 3943 1554 4000 videlicet
1593 3945 1757 4016 (Gen.
1789 3945 1876 4014 ιι),

284 4039 370 4094 cui
397 4037 574 4092 nullus
603 4031 921 4088 contradicit
947 4031 1238 4104 legitimus,
1270 4031 1338 4087 de
1365 4031 1458 4088 illa
1501 4048 1630 4089 vero
1679 4033 1882 4088 nullam

285 4134 412 4199 puto
439 4124 812 4182 auctoritatem
842 4119 1103 4188 invenies,
1134 4120 1179 4174 si
1209 4127 1390 4176 tamen
1421 4119 1489 4176 de
1546 4121 1700 4176 libris
1754 4136 1884 4192 pro-

284 4218 567 4288 phetarum
594 4214 832 4284 aliquam
863 4208 1095 4264 audieris
1122 4209 1324 4279 profer.

359 4333 598 4386 Paraus.
629 4329 756 4385 Non
783 4341 947 4382 unam
977 4324 1192 4396 quidem
1248 4341 1412 4396 super
1464 4325 1773 4396 huiusmodi
1830 4341 1889 4382 re

285 4420 463 4477 dicam
527 4417 920 4481 auctoritatem,
977 4413 1072 4469 sed
1132 4414 1344 4482 multas,
1410 4429 1533 4470 cum
1589 4414 1657 4470 de
1713 4414 1890 4470 futura

289 4509 480 4567 Christi
509 4507 808 4573 nativitate,
839 4503 1020 4559 multis
1049 4503 1103 4558 in
1133 4503 1265 4558 locis
1294 4503 1571 4574 praelocuti
1603 4503 1711 4559 sint
1754 4519 1888 4574 pro-

292 4601 488 4671 pheta).

364 4705 621 4760 Movsss.
655 4699 713 4758 Si
739 4697 886 4770 quod
913 4697 1047 4754 dicis
1065 4695 1321 4770 eﬁ'eceris,
1351 4705 1498 4754 tuam
1520 4697 1705 4770 procul
1726 4696 1893 4754 dubio

295 4791 455 4848 ﬁdem
486 4790 763 4846 tutaberis.

367 4910 605 4964 Penus.
662 4908 724 4961 In
781 4903 970 4976 primis
1025 4903 1188 4977 igitur
1241 4889 1527 4961 recordare
1582 4903 1712 4975 quid
1799 4920 1897 4975 per

297 4999 491 5055 Isaiam
519 4996 590 5052 ad
617 4996 791 5050 Achaz
818 4993 1020 5048 dictum
1051 5001 1148 5062 est,
1181 5009 1368 5065 regem
1404 4994 1540 5048 Juda
1583 5010 1595 5045 :
1644 5009 1898 5065 superve-

301 5087 570 5143 nientibus
597 5084 742 5139 enim
771 5097 933 5154 super
959 5097 1082 5136 eum
1113 5081 1355 5138 hostibus
1381 5083 1511 5151 suis,
1560 5097 1690 5154 rege
1739 5081 1897 5138 vide-

302 5177 424 5232 licet
446 5174 734 5241 Armeniae,
767 5180 822 5227 et
848 5187 976 5244 rege
1019 5171 1202 5238 Israel,
1257 5171 1335 5227 sic
1387 5172 1457 5226 ad
1514 5187 1638 5227 eum
1696 5170 1902 5226 locutus

306 5273 384 5320 est
409 5263 712 5320 lsaias:Ne
741 5263 965 5327 timeas,
1023 5259 1214 5330 inquit,
1265 5275 1298 5314 ο
1353 5261 1552 5326 Αεὴαῑ,
1610 5260 1737 5330 quia
1790 5274 1900 5316 non

303 5355 601 5410 destruetur
627 5349 980 5413 Hierusalem,
1014 5357 1067 5403 et
1113 5364 1182 5403 ne
1222 5347 1451 5405 dubites.
1499 5351 1630 5405 Pete
1668 5349 1770 5405 tibi
1817 5349 1900 5404 si-

306 5459 526 5516 gnuma
556 5441 781 5496 domino
799 5439 906 5494 Deo
931 5439 1109 5494 tuoin
1137 5438 1476 5510 profondum
1499 5438 1744 5508 inferni,
1787 5438 1902 5493 sive

308 5535 372 5588 in
382 5531 678 5588 excelsum
689 5544 890 5601 supra;
910 5534 962 5581 et
981 5526 1117 5580 dixit
1133 5528 1308 5582 Achaz
1335 5545 1347 5581 :
1374 5527 1494 5583 Non
1511 5531 1702 5600 petam
1714 5530 1771 5581 et
1787 5542 1903 5581 non

313 5620 539 5677 tentabo
553 5618 857 5673 Dominum
879 5617 1007 5686 (Isa.
1034 5615 1152 5685 vn).
1184 5617 1318 5670 Cum
1350 5624 1528 5671 autem
1561 5615 1908 5687 cognovisset

311 5709 496 5776 Isaias,
529 5706 662 5777 quia
690 5720 800 5760 non
827 5705 973 5762 bona
999 5702 1107 5761 ﬁde
1135 5704 1358 5761 dixisset
1384 5707 1581 5772 Achaz,
1619 5705 1731 5759 imo
1781 5703 1908 5774 quia

313 5798 486 5853 Deum
515 5811 625 5852 non
666 5794 893 5863 timeret,
943 5800 1035 5849 aut
1079 5801 1302 5861 amaret,
1351 5793 1727 5866 respondens:
1787 5794 1910 5850 Au-

315 5886 450 5956 dite,
481 5883 676 5960 inquit,
709 5896 835 5955 ergo
881 5881 1077 5940 domus
1123 5882 1332 5940 David:
1389 5881 1652 5957 nunquid
1695 5897 1906 5956 parum

1918 4594 1972 4655 D

1966 1966 2133 2022 ﬁlium
2165 1969 2278 2038 ejus
2310 1970 2592 2026 Ezechiam
2625 1972 2714 2041 qui
2745 1972 2810 2027 de
2842 1989 2905 2028 ea
2935 1982 3088 2029 natus
3118 1983 3214 2030 est.

2042 2093 2285 2149 Penus.
2321 2094 2529 2149 Falsum
2559 2102 2640 2150 est
2667 2096 2811 2166 quod
2849 2097 3001 2165 dicis,
3034 2105 3087 2152 et
3113 2099 3218 2154 hoc
3242 2115 3342 2168 per
3376 2100 3556 2170 impe-

1968 2181 2144 2236 ritiam
2209 2182 2459 2247 astmitis,
2528 2184 2616 2239 vel
2673 2184 2800 2254 quia
2863 2186 2978 2241 Deo
3039 2203 3138 2241 nec
3201 2191 3557 2245 reverentiam

1969 2286 2068 2325 nec
2094 2272 2352 2327 honorem
2378 2271 2660 2340 exhibetis,
2692 2273 2822 2342 quin
2849 2273 2916 2328 de
2946 2290 3012 2330 eo
3060 2277 3272 2331 mentiri
3320 2286 3373 2332 et
3418 2281 3560 2334 male

1969 2359 2165 2414 sentire
2194 2360 2546 2430 praesumatis.
2577 2361 2653 2415 Eo
2683 2377 2915 2432 namque
2966 2371 3206 2433 tempore
3253 2367 3397 2435 quod
3445 2369 3564 2424 haec

1968 2447 2037 2503 ad
2088 2451 2262 2503 Achaz
2319 2448 2460 2504 dicta
2513 2457 2654 2518 sunt,
2708 2451 2823 2520 jam
2879 2458 2992 2506 erat
3046 2468 3142 2507 rex
3202 2454 3335 2524 ipse,
3369 2455 3464 2509 sed
3511 2463 3565 2510 et

1970 2535 2112 2592 ﬁlius
2142 2539 2253 2606 ejus
2309 2537 2564 2592 Ezechias
2626 2555 2820 2594 novem
2872 2541 2989 2611 jam
3045 2558 3218 2598 annos
3273 2544 3550 2600 tansierat.

1973 2626 2074 2682 Die
2111 2627 2308 2681 etenim
2348 2627 2522 2698 prima
2573 2629 2728 2701 regni
2794 2631 2968 2685 Achaz
3035 2639 3150 2685 erat
3203 2631 3317 2701 ipse
3375 2633 3567 2705 viginti

1974 2730 2258 2782 annorum,
2327 2723 2379 2770 et
2416 2717 2662 2789 regnavit
2725 2719 2879 2773 annis
2946 2719 3236 2775 sexdecim.
3316 2722 3569 2778 Ezechias

1976 2811 2154 2858 autem
2185 2802 2323 2857 ﬁlius
2348 2820 2493 2869 suus,
2527 2804 2616 2875 qui
2646 2805 2695 2859 ei
2726 2806 3002 2877 proximus
3033 2807 3088 2862 in
3134 2825 3302 2881 regno
3349 2827 3567 2867 succes-

1976 2892 2044 2946 sit
2071 2891 2262 2964 viginti
2292 2892 2526 2962 quinque
2557 2909 2726 2949 annos
2771 2894 3025 2962 habebat,
3074 2897 3288 2966 quando
3343 2915 3569 2971 regnare

1977 2980 2158 3049 coepit.
2215 2981 2424 3034 Novem
2493 2981 2671 3050 itaque
2745 2999 2915 3038 annos
2988 2985 3224 3040 habebat
3295 2987 3568 3057 Ezechias,

1978 3067 2192 3138 quando
2222 3076 2372 3139 pater
2400 3085 2525 3123 suus
2553 3085 2647 3122 rex
2679 3069 2896 3125 effectus
2935 3079 3039 3126 est.
3103 3073 3232 3128 Haec
3287 3073 3450 3146 igitur
3503 3076 3570 3131 de

1979 3173 2085 3227 qua
2165 3157 2377 3229 agimus
2447 3158 2748 3228 prophetia,
2816 3175 2991 3230 neque
3054 3169 3273 3232 propter
3345 3179 3572 3220 uxorem

1903 3233 1952 3298 C
1981 3248 2174 3314 Achaz,
2205 3261 2380 3316 neque
2405 3253 2627 3316 propter
2670 3245 2839 3302 ﬁlium
2886 3265 3041 3303 suum
3092 3250 3374 3306 Ezechiam
3431 3253 3575 3310 dicta

1981 3342 2076 3391 BSt.

2055 3459 2314 3515 Mersus.
2356 3457 2489 3514 Volo
2527 3458 2690 3531 igitur
2735 3459 2866 3515 mihi
2913 3461 3164 3518 ostendas
3210 3469 3264 3518 et
3318 3464 3577 3535 explanes

1985 3546 2212 3618 qualiter
2247 3554 2466 3618 propter
2501 3547 2743 3617 Mariam,
2784 3555 2838 3603 et
2900 3547 3018 3619 ejus
3086 3549 3255 3606 ﬁlium
3311 3549 3456 3609 dicta
3510 3555 3578 3610 sit

1985 3636 2084 3692 ista
2111 3636 2419 3707 prophetia.

2057 3760 2305 3815 Pmus.
2368 3760 2535 3816 Multa
2581 3767 2721 3816 certe
2769 3760 2824 3814 in
2877 3759 3006 3832 ipsis
3059 3764 3356 3835 prophetiae
3401 3766 3583 3823 verbis

1989 3848 2261 3904 inveniam
2307 3848 2523 3923 quibus
2586 3848 2938 3921 perfacillime
3003 3851 3318 3908 convincam
3408 3854 3582 3925 ipsam

1991 3953 2100 3993 non
2137 3945 2357 4010 propter
2392 3939 2568 3994 Achaz
2624 3938 2712 3993 vel
2767 3937 2936 3993 ﬁlium
2995 3938 3130 4008 ejus,
3190 3941 3300 3996 imo
3363 3950 3588 4013 propter

1992 4027 2215 4081 Mariam
2256 4034 2309 4081 et
2353 4024 2522 4079 ﬁlium
2579 4025 2698 4095 ejus
2753 4026 3018 4082 Christum
3067 4028 3229 4085 fuisse
3286 4031 3576 4101 prolatam.

1994 4115 2140 4170 Licet
2193 4115 2337 4170 enim
2393 4114 2461 4169 ad
2518 4116 2698 4170 Achaz
2754 4115 3060 4187 loqueretur
3130 4119 3411 4190 propheta,
3479 4136 3589 4176 non

1993 4205 2166 4260 solum
2208 4211 2386 4258 tamen
2425 4203 2492 4258 ad
2531 4219 2675 4274 eum,
2734 4205 2820 4259 vel
2876 4204 2942 4259 de
2994 4221 3090 4261 suo
3147 4215 3387 4280 tempore
3446 4209 3590 4265 dicta

1995 4301 2075 4348 est
2112 4292 2412 4364 prophetia.
2456 4293 2679 4362 Propter
2714 4295 2817 4348 hoc
2855 4295 2999 4348 enim
3056 4295 3256 4350 dictum
3317 4305 3397 4353 est
3444 4299 3582 4368 (Ira.

1998 4384 2098 4451 vu)
2131 4400 2144 4436 :
2177 4381 2401 4446 Audite,
2425 4381 2622 4437 domus
2642 4381 2838 4448 David,
2879 4398 3008 4451 non,
3049 4385 3206 4454 Audi,
3251 4393 3323 4452 tu,
3378 4389 3581 4444 Achaz.

1998 4473 2133 4526 Item
2163 4469 2306 4540 quod
2337 4471 2601 4541 prOpheta
2634 4490 2646 4525 :
2691 4471 2854 4527 Dabit
2885 4471 3176 4544 Dominus,
3223 4475 3413 4545 inquit,
3471 4477 3592 4546 ipse

1999 4560 2146 4617 vobis
2173 4559 2422 4630 signum,
2446 4559 2535 4630 qui
2566 4558 2791 4626 addidit,
2823 4561 2965 4632 ipse,
3017 4577 3081 4617 ac
3127 4562 3172 4616 si
3227 4563 3430 4620 diceret
3483 4581 3593 4621 non

2001 4649 2154 4716 alius,
2195 4663 2262 4703 ex
2318 4649 2418 4704 hoc
2483 4655 2658 4719 potest
2713 4647 2942 4720 intelligi
3007 4649 3184 4721 ipsum
3251 4652 3595 4710 Dominicum

2001 4738 2216 4810 signum
2255 4753 2369 4791 esse
2401 4736 2664 4792 futurum.
2729 4735 2886 4804 Quod
2941 4738 3103 4792 etiam
3159 4739 3438 4808 pluraliter
3500 4743 3596 4808 ait,

2003 4828 2168 4895 vobis,
2201 4834 2253 4882 et
2272 4841 2379 4881 non
2401 4825 2518 4893 tibi,
2557 4825 2796 4880 innuitur
2813 4841 2922 4881 non
2943 4834 3166 4896 propter
3181 4829 3381 4897 Achaz,
3413 4831 3501 4887 vel
3530 4833 3600 4888 ad

2005 4917 2180 4988 ipsum
2198 4915 2372 4970 solum
2395 4916 2497 4969 hoc
2527 4913 2687 4969 fuisse
2707 4913 2927 4970 dictum.
2947 4915 3053 4970 Sed
3074 4923 3126 4970 et
3151 4917 3294 4987 quod
3323 4919 3562 4990 sequitur
3584 4941 3597 4978 :

2005 5004 2144 5058 Ecce
2163 5001 2312 5071 virgo
2328 5000 2608 5070 concipiet
2625 5003 2684 5054 et
2713 5001 2902 5072 pariet
2923 5000 3131 5070 ﬁlium,
3164 5006 3222 5057 et
3257 5005 3473 5060 vocabit
3492 5022 3601 5062 no-

2005 5099 2138 5139 men
2161 5084 2284 5153 eius
2309 5081 2667 5147 Emmanuel,
2701 5087 2944 5152 patenter
2964 5081 3195 5137 insinuat
3214 5099 3322 5139 non
3343 5083 3409 5139 de
3431 5102 3602 5143 uxore

2008 5174 2202 5238 Achaz,
2271 5170 2356 5226 vel
2419 5168 2531 5224 ﬁlio
2596 5169 2713 5238 ejus
2775 5169 2973 5225 dixisse
3040 5174 3386 5242 prophetam.
3460 5176 3601 5231 Nam

2007 5275 2182 5330 neque
2209 5259 2488 5314 mulierem
2518 5259 2822 5314 maritatam
2869 5259 3137 5332 virginem
3187 5270 3448 5329 vocasset,
3502 5281 3603 5320 nec

2009 5344 2324 5400 miraculum
2383 5342 2599 5412 aliquod
2654 5351 2793 5398 esset
2846 5343 2958 5400 sive
3013 5345 3249 5416 signum,
3321 5347 3605 5405 mulierem

2011 5436 2186 5490 virum
2249 5433 2537 5487 habentem
2597 5439 3004 5501 concepturam,
3069 5434 3156 5488 vel
3219 5433 3389 5491 ﬁlium
3467 5437 3606 5495 forte

2011 5523 2326 5594 parituram.
2375 5520 2516 5589 Quin
2560 5527 2613 5574 et
2662 5520 2718 5573 in
2770 5521 2873 5576 hoc
2929 5521 3072 5591 quod
3129 5523 3330 5579 ibidem
3387 5526 3604 5599 legitur,

2015 5612 2247 5678 vocabit,
2280 5610 2386 5666 duo
2415 5617 2538 5664 sunt
2580 5607 2833 5677 notanda,
2898 5610 3100 5665 scilicet
3153 5613 3296 5682 quod
3355 5622 3408 5670 et
3462 5616 3609 5673 Deus

2015 5704 2090 5758 sic
2117 5699 2377 5772 appellari
2407 5699 2600 5755 Filium
2657 5697 2894 5767 volebat,
2953 5706 3007 5754 et
3063 5700 3208 5771 quod
3258 5702 3376 5761 sine
3419 5720 3611 5762 cama-

2016 5791 2052 5847 li
2082 5798 2230 5862 patre
2257 5789 2415 5861 virgo
2443 5789 2582 5845 foret
2621 5802 2850 5858 puerum
2904 5787 3170 5859 genitura.
3231 5791 3455 5865 Propter
3505 5796 3610 5853 hoc

2018 5880 2162 5936 enim
2189 5878 2281 5951 ait,
2316 5878 2550 5949 vocabit,
2584 5893 2647 5934 ac
2675 5878 2719 5933 si
2769 5877 2988 5947 diceret,
3040 5877 3158 5954 ipsa
3213 5887 3394 5940 tamen
3441 5898 3612 5944 vocas
