3966 6394
1326 344 1531 407 PETRI
1566 346 1929 405 ALPHONSI
1964 344 2066 402 EX
2106 343 2356 404 JUDEO
2394 337 2797 404 CHRISTIANI
3605 338 3719 400 616

406 363 512 420 615

406 489 507 555 bit,
563 494 619 543 et
663 500 774 543 non
828 490 1010 555 pater.
1067 478 1336 537 Novimus
1392 476 1565 533 etiam
1621 474 1770 548 quod
1819 489 2000 546 neque
2031 474 2086 533 A
2113 472 2276 528 verba
2301 487 2513 536 eorum,
2548 479 2602 528 et
2630 472 2771 527 sicut
2824 471 2981 528 verba
3037 470 3320 528 hominum
3374 469 3514 526 febri
3550 476 3715 527 acuta

404 576 612 649 aliquid
641 575 819 631 Achaz
853 571 997 628 ﬁlius
1052 583 1231 641 neque
1292 565 1583 639 quisquam
1642 563 1779 619 alius
1831 563 1997 618 homo
2109 562 2488 627 laborantium,
2524 560 2609 617 vel
2637 560 2746 617 alio
2774 560 2968 618 morbo
2997 560 3368 627 delirantium,
3417 557 3569 615 nullo
3614 574 3709 615 or-

401 647 663 739 temporis
690 660 855 730 illius,
887 662 995 717 hoc
1048 657 1269 715 nomine
1323 654 1478 728 quod
1533 660 1620 710 est
1673 651 2002 709 Emmanuel
2111 651 2236 707 dine
2300 658 2427 706 sunt
2490 664 2756 718 connexa,
2825 650 2903 706 sic
2968 657 3022 706 et
3083 650 3474 721 prophetarum
3537 647 3711 703 verba

407 757 478 813 sit
502 736 758 812 vocatus.
2110 740 2257 796 nulla
2296 747 2423 795 sunt
2459 738 2864 796 continuatione
2921 738 3153 810 prolata,
3214 752 3318 795 nec
3373 736 3503 810 quid
3559 736 3715 808 prius

2111 831 2301 886 dicant
2329 828 2647 900 respiciunt,
2681 828 2801 885 sive
2833 828 3118 895 posterius,
3146 826 3249 882 nisi
3281 827 3421 884 sicut
3458 824 3539 882 eis
3572 841 3715 881 san-

2111 927 2229 974 ctus
2259 917 2470 974 revelat
2496 917 2754 987 Spiritus.
2793 914 2979 985 Quare
3037 915 3119 972 sic
3175 922 3299 970 sunt
3359 913 3530 970 verba
3591 914 3713 969 haec

2113 1007 2485 1064 connectenda
2511 1008 2817 1079 :Butyrum
2835 1010 2892 1062 et
2917 1006 3029 1061 mel
3049 1002 3322 1069 comedet,
3345 1007 3416 1059 ut
3450 1003 3597 1060 sciat
3623 1018 3717 1058 re-

2110 1093 2343 1165 probare
2361 1092 2602 1160 malum,
2621 1094 2679 1147 et
2696 1091 2903 1162 eligere
2928 1091 3155 1157 bonum,
3190 1087 3319 1160 quia
3349 1094 3476 1143 ante
3505 1086 3678 1142 subau
3697 1117 3714 1128 -

2112 1180 2254 1236 ditur
2282 1194 2447 1253 quam
2503 1179 2777 1245 comedat,
2838 1178 2974 1235 sciet
3021 1177 3328 1249 reprobare
3387 1174 3598 1231 malum
3656 1181 3716 1230 et

2111 1271 2316 1343 eligere
2346 1269 2572 1324 bonum.
2613 1268 2744 1324 Haec
2772 1266 2917 1324 enim
2948 1273 3033 1323 est
3061 1264 3323 1321 hebraici
3380 1263 3597 1332 veritas,
3656 1271 3715 1319 et

2112 1359 2202 1415 hic
2229 1358 2450 1413 demum
2474 1355 2660 1413 ﬁnitur
2686 1356 2779 1411 illa
2824 1370 2945 1428 quae
3000 1362 3225 1427 propter
3279 1352 3714 1410 incredulitatem

476 882 719 937 Movsss.
751 875 925 932 Miror
954 888 1087 929 sane
1108 886 1276 942 super
1306 878 1376 938 te,
1411 867 1530 924 viro
1560 867 1767 941 linguas
1795 872 2003 921 nostrae

404 979 514 1027 tam
541 968 738 1041 perito,
770 963 918 1038 quod
946 963 1016 1017 ita
1047 961 1217 1017 verba
1245 956 1555 1023 confundis,
1588 964 1645 1012 et
1691 954 2003 1026 Scripturas

401 1058 689 1134 pervertis.
716 1055 913 1126 Neque
933 1051 1099 1118 enim,
1122 1058 1178 1105 ut
1193 1049 1311 1120 ipse
1331 1046 1495 1110 nosti,
1523 1044 1703 1116 posuit
1722 1044 1993 1115 propheta

400 1131 600 1208 nomen
627 1147 684 1203 in
714 1143 999 1206 Hebraico,
1024 1138 1172 1213 quod
1187 1137 1456 1209 virginem
1477 1133 1668 1191 reddat
1691 1133 1745 1188 in
1768 1131 1959 1188 Latino
1973 1173 1986 1186 .

400 1239 558 1312 Quod
596 1237 644 1293 si
690 1233 874 1289 facere
929 1228 1114 1295 vellet,
1165 1226 1351 1299 utique
1401 1223 1622 1280 bethula
1677 1220 2005 1292 posuisset:

404 1308 587 1388 Posuit
613 1328 800 1381 autem
826 1318 1033 1384 halma,
1065 1315 1214 1389 quod
1263 1313 1506 1387 puellam
1564 1317 1778 1367 tantum
1837 1308 2008 1382 signi-

408 1418 553 1477 ﬁcat.
1088 1528 1106 1533 Δ
1341 1527 1390 1533 ῃ
1744 1529 1753 1533 Δ
1841 1522 1877 1533 ν
1921 1522 1932 1533 .
2108 1448 2310 1514 Achaz,
2341 1446 2409 1501 ad
2439 1446 2662 1502 domum
2694 1418 2865 1501 David
2901 1418 3055 1500 dicta
3085 1418 3167 1499 est
3198 1441 3509 1514 prophetia.
3546 1441 3713 1508 Nam,

476 1545 713 1600 Passus.
746 1535 949 1607 Injuste
976 1528 1244 1604 profecto,
1276 1543 1310 1584 ο
1341 1527 1579 1597 Moyses,
1632 1522 1993 1587 contradicis,

2138 1536 2260 1609 [uod
2281 1534 2468 1591 statim
2489 1534 2756 1607 sequitur,
2781 1537 2936 1591 terra
2957 1533 3403 1604 derelinquetur,
3429 1538 3484 1586 et
3506 1537 3714 1586 caetera

400 1631 733 1704 necliuguae
788 1638 950 1681 usum
1001 1618 1301 1683 Hebraicaa,
1358 1615 1465 1704 vel
1510 1620 1788 1704 naturam
1822 1626 2005 1704 agno-
2114 1628 2340 1691 propter
2391 1619 2542 1675 aliud
2598 1619 2814 1686 dicitur,
2863 1618 3003 1674 sicut
3061 1625 3112 1672 et
3169 1616 3304 1671 alibi
3364 1614 3703 1670 invenimus.

402 1738 559 1783 scere
596 1714 826 1776 videris.
874 1709 1068 1768 Mulier
1117 1720 1357 1778 namque
1426 1703 1543 1759 sive
1602 1700 1824 1771 juvenis
1889 1699 2008 1755 sive
2114 1708 2562 1783 chiturenimin
2582 1706 2810 1764 Exodo:
2846 1707 3008 1763 Dixit
3033 1706 3238 1778 Moyses
3260 1704 3331 1760 ad
3354 1706 3659 1759 Dominum
3696 1717 3711 1755 :

401 1825 662 1872 annosa;
722 1801 961 1877 quandiu
1015 1805 1195 1853 autem
1244 1792 1460 1863 juvenis
1516 1798 1619 1860 est,
1698 1789 1879 1862 virgo,
1960 1786 2007 1842 si

2138 1799 2252 1866 )uis
2272 1815 2368 1870 ego
2382 1814 2510 1855 sum
2532 1803 2597 1854 ut
2618 1796 2825 1853 vadam
2863 1795 2936 1851 ad
2964 1793 3343 1858 Pharaonem,
3389 1796 3447 1850 et
3479 1792 3720 1849 educam

403 1911 586 1961 autem
627 1876 905 1964 αοτιίιιριει
957 1893 1136 1960 Domst
1189 1881 1492 1953 nuncupari
1551 1879 1746 1934 nahl‘a-
1814 1876 2005 1931 Ηθιηὶε
2038 1876 2091 1892 υ
2116 1890 2261 1958 ﬁlios
2302 1887 2477 1942 Israel
2537 1885 2604 1942 de
2664 1887 2896 1958 λεπριο
2922 1885 2951 1939 ?
3011 1882 3117 1951 Qui
3166 1882 3316 1938 dixit
3353 1881 3445 1937 ei:
3484 1882 3591 1952 Ego
3621 1894 3719 1935 ero

404 2005 535 2049 vero
566 1992 796 2043 vocatur
824 1977 993 2041 nulla,
1018 1973 1145 2030 nisit
1172 1972 1239 2027 sit
1268 1979 1325 2027 et
1369 1968 1591 2040 juvenis
1647 1975 1702 2023 et
1756 1967 1997 2021 intacta.
2120 1982 2324 2044 tecum,
2347 1980 2401 2032 ει
2420 1976 2520 2033 hoc
2534 1975 2752 2031 habebis
2766 1971 3151 2045 signa",un
3167 1971 3419 2026 miserim
3441 1972 3522 2025 ιε,
3565 1968 3705 2024 cum

405 2078 565 2152 Ωιιοά
602 2081 784 2132 “lem
829 2065 1039 2124 addidit
1092 2062 1387 2152 propheta
1411 2058 1480 2152 ἀνθ
1531 2071 1706 2152 ΡαθΪο
1760 2054 1954 2152 die?“
1991 2070 2007 2107 ³
2117 2067 2383 2123 eduxeris
2400 2065 2673 2137 pupulum
2694 2078 2885 2119 meum
2904 2062 2971 2118 de
2999 2060 3230 2134 Egypto
3264 2058 3585 2115 immolabis
3604 2056 3718 2112 Deo

407 2144 686 2241 Euagrum
714 2164 772 2218 et
799 2157 915 2213 mel
932 2152 1204 2216 comedet,
1220 2153 1288 2206 ut
1307 2144 1766 2241 sciatreprobare
1788 2144 2011 2241 malum

2138 2171 2288 2227 :uper
2313 2158 2562 2211 montem
2577 2152 2925 2209 istum.Cum
2940 2149 3211 2206 eduxeris
3235 2148 3511 2221 populum
3527 2162 3715 2202 meum

412 2260 469 2313 et
504 2227 711 2323 ἔιίσσνε
743 2246 970 2307 bonum.
1002 2237 1111 2306 dico
1134 2248 1353 2325 9033503
1385 2247 1419 2288 0
1448 2232 1686 2325 M0339}
1733 2227 1862 2325 (Ιιξίίξ
2119 2244 2317 2313 (Exod.
2346 2242 2454 2313 ιιι),
2476 2250 2621 2307 ctc.;
2654 2240 2869 2313 signum
2931 2253 3054 2294 esse
3110 2236 3330 2293 videtur
3386 2235 3511 2291 illus
3566 2234 3717 2307 quod

412 2342 523 2401 mel
549 2314 684 2396 illud
712 2328 946 2403 intelligi
998 2324 1169 2383 voluit
1225 2330 1281 2379 et
1334 2318 1650 2417 butyrum?
1707 2315 1882 2417 voluit
1911 2314 2013 2414 nibi

2138 2333 2194 2388 iit
2222 2331 2367 2406 quod
2382 2331 2636 2388 miserim
2656 2333 2730 2395 te,
2762 2328 2862 2384 sed
2891 2342 2999 2383 nou
3030 2334 3134 2383 est.
3166 2325 3380 2381 Educto
3424 2324 3571 2380 enim
3618 2338 3719 2394 po-

412 2432 649 2505 aliquam
678 2425 909 2481 innuere
963 2412 1308 2488 allegoriam,
1373 2408 1466 2466 vel
1517 2406 1631 2463 mel
1689 2404 2015 2477 simpliciter

2138 2404 2250 2478 iulo
2276 2421 2347 2477 de
2373 2420 2608 2493 Egypto
2635 2427 2687 2474 et
2714 2418 2903 2505 Moyse
2933 2430 3107 2487 super
3132 2421 3377 2505 montem
3405 2412 3561 2468 illum
3602 2411 3713 2466 im-

414 2517 640 2596 protulit
671 2521 727 2571 et
749 2512 1008 2582 butyrum
1034 2505 1064 2561 ?

480 2645 736 2701 Movsns.
792 2635 909 2691 Nos
962 2628 1164 2704 quippe
1261 2623 1393 2680 illud
1462 2635 1827 2695 nequaquam,
1902 2618 2010 2675 nisi

416 2729 741 2806 simpliciter
759 2720 1135 2793 intelligimus,
1168 2713 1383 2771 scilicet
1428 2710 1559 2784 quia
1604 2709 1827 2781 sapiens
1886 2707 2011 2777 erit,

416 2796 658 2893 bonique
684 2825 737 2873 et
766 2811 897 2869 mali
926 2804 1311 2865 discretionem
1339 2800 1583 2865 habebit,
1614 2798 1762 2864 ideo,
1818 2796 2010 2868 inquit,

420 2913 534 2972 mel
556 2888 809 2967 comedet
835 2905 891 2959 et
941 2899 1230 2970 butyrum,
1290 2890 1439 2965 quod
1494 2888 1655 2946 dulce
1708 2893 1791 2944 est
1849 2894 2016 2959 atque

425 3000 627 3057 bonum
641 3035 653 3047 .

488 3118 732 3172 Penus.
769 3105 894 3163 Non
922 3101 1050 3158 ideo
1079 3111 1212 3154 sane
1241 3094 1463 3166 sapiens
1511 3098 1595 3149 est
1639 3096 1830 3162 reputa
1844 3087 2006 3152 udus,

417 3202 565 3281 quod
591 3198 702 3257 mel
729 3191 983 3255 comedet
1009 3196 1064 3246 et
1092 3186 1370 3281 butyrum.
1415 3181 1566 3239 Licet
1613 3178 1762 3281 epim
1809 3176 1918 3233 sint
1965 3183 2019 3275 et
2051 3193 2101 3256 ο

417 3264 622 3357 dulcia,
646 3302 772 3346 cum
793 3279 1037 3340 salubria
1051 3291 1161 3332 non
1190 3273 1318 3341 sint,
1355 3287 1458 3328 nec
1495 3277 1624 3326 sunt
1646 3269 1811 3333 bona,
1840 3273 1893 3323 et
1925 3264 2021 3337 qui

418 3382 557 3443 illud
586 3376 731 3453 quod
758 3388 862 3430 nec
888 3366 1114 3425 salubre
1132 3379 1234 3453 nec
1253 3362 1456 3453 bonum
1481 3356 1847 3453 est‘comedit,

421 3441 588 3531 modo
605 3441 833 3539 sapiens
849 3456 953 3516 erit
971 3457 1001 3511 εξ
1029 3452 1189 3524 Quod
1219 3451 1267 3506 si
1305 3449 1414 3505 alio
1456 3445 1623 3539 modo
1655 3453 1713 3501 ut
1748 3441 2023 3539 possibile

423 3528 529 3629 est,
566 3528 797 3616 verbum
851 3545 987 3604 illud
1031 3539 1363 3629 intelligam
1395 3533 1642 3629 scilicet,
1696 3531 1844 3604 quod
1884 3528 2023 3629 _mel

424 3619 677 3710 comedet
704 3649 762 3699 et
788 3640 1071 3709 butyrum,
1101 3631 1332 3704 propter
1350 3626 1458 3681 hoc
1486 3631 1545 3680 ut
1564 3621 1703 3679 sciat
1724 3619 2023 3710 reprobare

661 3734 716 3784 et
763 3702 968 3794 eligere
1020 3702 1248 3780 bonum,
1307 3710 1364 3765 id
1412 3715 1514 3775 est,
1575 3714 1635 3762 ut
1685 3721 1787 3794 per
1840 3702 2022 3760 mellis

424 3817 818 3883 comestionem
837 3793 892 3867 et
910 3804 1113 3877 butyri,
1142 3800 1272 3858 boni
1301 3797 1502 3854 habeat
1543 3793 1915 3869 cognitionem
1966 3798 2022 3847 et

425 3879 575 3977 mali,
606 3907 663 3964 id
691 3911 792 3970 est,
824 3898 1045 3970 sapiens
1076 3892 1166 3959 sit,
1212 3888 1287 3977 si
1313 3888 1396 3977 ita
1444 3885 1671 3977 inquam
1726 3879 2013 3977 intelligis,

428 3965 650 4070 sapiens
665 3965 797 4046 mihi
816 3965 929 4042 non
945 3977 1174 4042 videris,
1196 3973 1292 4031 ubi
1310 3971 1458 4028 enim
1478 3968 1533 4024 in
1556 3983 1741 4025 rerum
1780 3965 2021 4021 innuitur

425 4053 679 4148 maturis,
704 4074 852 4151 quod
870 4066 1196 4138 sapientiam
1235 4059 1481 4151 conferat
1516 4055 1708 4151 butyri
1754 4053 2019 4151 comestio

426 4137 749 4227 Essem;
766 4160 795 4200 9
821 4137 964 4214 Sane
984 4163 1276 4224 nusquam.
1300 4145 1489 4202 Restat
1515 4140 1681 4216 igitur
1700 4147 1759 4197 ut
1780 4137 1912 4195 illud
1935 4137 2022 4195 al-

421 4251 668 4329 legorice
695 4241 1092 4315 intelligamus.

497 4375 752 4432 Marsus.
782 4366 850 4423 Et
875 4374 1042 4436 quam
1092 4355 1169 4414 ibi
1222 4360 1382 4428 potes
1438 4348 1751 4422 intelligere
1809 4345 2022 4419 allego-

431 4458 616 4521 riunt?

2121 2506 2376 2570 molante,
2402 2506 2513 2574 jam
2544 2502 2956 2576 cognoscebant
2983 2515 3178 2557 omnes
3208 2499 3452 2571 Moysen,
3502 2503 3557 2553 et
3592 2510 3720 2569 pro-

2120 2593 2360 2663 phetam,
2391 2598 2445 2645 et
2473 2603 2507 2644 a
2555 2586 2787 2643 Domino
2841 2586 3070 2640 missum
3129 2599 3275 2639 esse.
3336 2581 3501 2637 Aliud
3556 2580 3720 2654 igitur

2122 2695 2275 2736 more
2330 2678 2614 2750 prophetae
2666 2674 2832 2747 coepit
2886 2673 2962 2729 ibi
3016 2673 3229 2745 Moyses
3298 2670 3489 2728 dicere
3559 2683 3717 2741 quam

2124 2769 2268 2841 quod
2300 2766 2451 2840 prius
2478 2765 2725 2821 dixisset.
2756 2762 2919 2833 Quod
2947 2762 2998 2817 si
3046 2760 3413 2826 contradicas,
3465 2766 3518 2814 et
3574 2755 3722 2829 quod

2124 2859 2345 2932 signum
2372 2854 2508 2910 illud
2538 2854 2700 2909 fuerit
2729 2866 2961 2924 quaeras,
2989 2850 3132 2907 scias
3174 2865 3299 2907 esse
3337 2848 3555 2920 signum
3585 2843 3721 2901 illud

2126 2947 2273 3019 quod
2298 2946 2374 3000 ait
2405 2962 2420 2999 :
2448 2937 2559 3015 Ego
2588 2958 2682 2999 ero
2703 2946 2884 2998 tecum
2912 2939 3055 3009 (Isa.
3089 2939 3240 3011 vui).

2198 3068 2458 3123 Movsns.
2490 3064 2553 3120 Si
2582 3064 2654 3119 ita
2683 3070 2785 3131 est,
2822 3061 2953 3135 quid
2983 3068 3069 3117 est
3095 3059 3243 3133 quod
3273 3058 3328 3114 in
3367 3057 3721 3129 sequentibus

2129 3157 2348 3231 legitur,
2382 3159 2693 3228 antequam
2719 3152 2865 3209 sciat
2894 3167 3038 3224 puer
3067 3165 3265 3206 vocare
3292 3153 3518 3221 patrem
3546 3162 3722 3203 suum

2131 3250 2188 3303 et
2218 3250 2465 3303 matrem
2496 3260 2682 3308 suam,
2714 3243 3017 3312 auferetur
3034 3237 3315 3311 [ortitudo
3344 3238 3631 3302 Damasci,
3665 3240 3720 3291 et

2129 3336 2314 3408 spolia
2341 3334 2618 3391 Samaria:
2646 3346 2837 3389 coram
2877 3344 3003 3401 rege
3063 3328 3418 3400 Assyriorum
3446 3326 3475 3382 τ
3528 3325 3726 3381 Nonne

2130 3407 2281 3476 enim
2312 3417 2382 3475 de
2417 3418 2609 3474 eodem
2641 3429 2808 3487 puero
2839 3413 2985 3469 dicta
3015 3420 3141 3468 sunt
3194 3412 3310 3467 haec
3366 3409 3573 3477 omnia,
3631 3407 3726 3465 illo

2131 3507 2341 3565 scilicet
2370 3505 2462 3581 qui
2489 3514 2545 3562 et
2576 3512 2703 3561 ante
2732 3500 3155 3560 destructionem
3188 3508 3346 3557 natus
3376 3497 3478 3555 luit
3504 3500 3532 3554 ‘2

2201 3651 2447 3707 Passus.
2485 3648 2610 3703 Non
2639 3644 2826 3702 omnia
2856 3657 2995 3698 sane
3023 3640 3094 3697 de
3122 3639 3340 3696 Christo
3369 3636 3726 3709 intelligimus

2129 3740 2272 3796 dicta
2300 3754 2445 3795 esse.
2480 3738 2774 3792 Potuerunt
2804 3732 2910 3787 ista
2946 3731 3131 3802 itaque
3186 3727 3293 3784 dici
3348 3742 3458 3783 non
3513 3726 3583 3782 de
3637 3740 3724 3793 eo,

2132 3829 2229 3885 sed
2256 3828 2326 3884 de
2354 3840 2528 3899 puero
2554 3824 2647 3880 illo
2676 3822 2767 3896 qui
2797 3836 2864 3877 eo
2893 3830 3142 3890 tempore
3165 3825 3323 3873 natus
3353 3816 3474 3882 fuit,
3518 3815 3588 3871 de
3619 3830 3728 3887 quo

2135 3916 2398 3973 Dominus
2444 3913 2518 3969 ad
2564 3912 2870 3984 prophetan
2903 3925 2916 3962 :
2955 3909 3091 3965 Voca
3120 3906 3317 3979 inquit,
3348 3919 3556 3961 nomen
3584 3904 3724 3975 ejus,

2131 4006 2387 4062 accelera
2433 4002 2615 4075 spolia
2658 3996 2980 4064 detrahere,
3038 3995 3256 4066 festina
3301 3992 3551 4067 praedari
3597 3992 3723 4062 (lsa,

2131 4095 2274 4165 vnn),
2305 4091 2392 4149 vel
2421 4091 2492 4146 de
2520 4088 2629 4145 alio
2658 4086 2869 4159 aliquo.

2201 4218 2467 4274 Movsns.
2506 4213 2667 4268 Illum
2692 4221 2844 4269 certe
2873 4224 3109 4283 puerum
3138 4206 3229 4280 qui
3261 4204 3587 4262 Emmanuel
3647 4213 3727 4261 est

2131 4314 2310 4373 vocat,
2342 4303 2629 4363 ostendam
2685 4316 2791 4374 ego
2845 4299 2962 4365 tibi,
3022 4296 3147 4371 quia
3204 4295 3299 4353 illo
3348 4295 3417 4352 sit
3470 4303 3718 4367 tempore

2131 4404 2317 4453 natus.
2355 4394 2491 4450 Cum
2520 4392 2666 4448 enim
2695 4391 3015 4453 loqueretur
3056 4386 3324 4459 propheta
3367 4391 3442 4441 de
3490 4384 3726 4440 adventu

2130 4485 2278 4559 regis
2309 4487 2482 4540 Assur
2509 4496 2675 4554 super
2702 4487 2904 4536 terram
2925 4476 3084 4543 Juda,
3117 4474 3192 4531 ait
3232 4473 3303 4530 de
3343 4488 3409 4530 eo
3439 4492 3457 4529 :
3504 4472 3575 4529 Et
3615 4473 3724 4529 erit

499 4578 739 4633 Penus.
772 4566 957 4622 Potest
981 4556 1324 4643 ειυίρρθηρθν
1376 4552 1498 4643 ha?"
1550 4548 1661 4643 (199
1717 4546 1888 4643 νενιῖῗ
1929 4543 2022 4643 18.x
2053 4561 2107 4622 Π
2135 4543 2396 4633 εᾶθηεὶο
2415 4543 2641 4629 alarum
2680 4571 2823 4643 ejus,
2855 4566 3103 4639 impleas
3152 4562 3525 4620 latitudinem
3556 4565 3724 4619 terra

426 4627 660 4731 utraque
686 4646 941 4721 intelligi,
974 4627 1328 4715 evangelium
1355 4642 1415 4731 et
1455 4633 1543 4690 lex
1591 4629 1785 4729 Moysi.
1839 4627 2023 4731 Multis

425 4717 696 4825 siquidem
737 4741 796 4796 in
848 4717 987 4794 locis
1038 4728 1349 4825 invenimus
1375 4723 1480 4825 .in“
1515 4719 1798 4825 prophetis
1851 4717 2024 4773 verba

425 4810 650 4900 deini
680 4827 832 4888 melli
857 4818 1242 4897 comparariet
1260 4813 1389 4872 lacti
1412 4810 1591 4887 (Psal.
1625 4823 1781 4877 xvm,
1807 4821 1980 4865 cxvru
2006 4823 2022 4874 ;

430 4927 635 4990 Bacch.
666 4921 776 4993 tu).

498 5053 752 5110 Movsss.
792 5037 937 5110 Quid
965 5041 1050 5092 est
1078 5030 1243 5105 igitur
1262 5026 1405 5101 quod
1423 5023 1690 5099 sequitur,
1711 5024 2026 5093 antequam

430 5143 577 5201 sciat
591 5151 735 5213 puer
748 5126 1045 5197 reprobare
1061 5121 1286 5213 malum
1307 5121 1366 5173 et
1379 5116 1583 5187 eligere
1856 5110 2025 5165 dere-

436 5198 729 5306 iiuquetur
748 5226 924 5283 terra,
938 5228 1109 5288 quam
1122 5207 1508 5306 tu‘de‘tes‘ta'ris
1528 5220 1564 5259 a
1599 5202 1749 5275 facie
1777 5198 2021 5306 duorum

654 5325 887 5371 suorum
917 5305 1049 5395 (isa.
1084 5293 1382 5395 vitm-laid
1411 5294 1631 5395 inquam
1671 5288 2027 5395 per'hujusj

644 5397 812 5455 verba
875 5387 1047 5447 voluit
1102 5379 1333 5451 intelligi
1398 5378 1660 5450 propheta
1691 5375 1720 5428 τ
1786 5374 2022 5462 lunuunt

610 5485 785 5546 verba
820 5482 927 5538 ista
980 5486 1213 5549 puerum
1274 5468 1346 5525 de
1411 5481 1517 5540 quo
1587 5470 1673 5522 est
1735 5457 2025 5534 prophetia

432 5589 684 5652 tempore
712 5572 807 5629 illo
834 5567 1005 5625 fuisse
1034 5570 1238 5619 natum.

500 5706 745 5762 Pmns.
774 5693 871 5751 Vis
899 5702 1108 5764 quaeso,
1134 5701 1169 5742 ο
1197 5684 1433 5754 Moyses,
1464 5679 1852 5752 prophetarum
1897 5688 2027 5731 ver-

431 5795 506 5852 ba
531 5791 725 5851 ordine
750 5778 1044 5841 locutionis
1089 5777 1340 5832 humanm
1393 5774 1662 5827 consueto
1714 5765 1969 5836 accipere
1995 5765 2025 5819 ἵ

432 5882 802 5955 Nequaquam
828 5872 1018 5945 potest
1044 5866 1150 5922 hoc
1179 5877 1323 5919 esse.
1359 5858 1494 5915 Sunt
1515 5856 1732 5913 enimut
1755 5852 2029 5910 somnium

2132 4670 2266 4731 tua,
2294 4679 2325 4720 ο
2352 4660 2692 4720 Emmanuel
2724 4657 2853 4728 (lsa.
2883 4655 3024 4725 vm).
3057 4652 3156 4710 Hic
3184 4667 3426 4725 namque
3465 4650 3721 4721 ostendit,

2129 4763 2377 4825 tempore
2404 4751 2677 4808 adventus
2706 4748 2824 4818 ejus
2848 4745 2962 4816 jam
2995 4759 3123 4800 esse
3152 4738 3500 4798 Emmanuel.

2206 4879 2452 4934 Panos.
2488 4874 2617 4931 Non
2643 4886 2777 4929 sane
2797 4886 2898 4943 per
2927 4868 3033 4925 hoc
3060 4865 3376 4933 convincas,
3401 4864 3724 4921 Emmanuel

2132 4975 2263 5023 tunc
2290 4963 2552 5037 temporis
2581 4970 2764 5017 natum
2808 4958 2952 5015 fore.
3020 4957 3211 5029 Neque
3264 4954 3409 5011 enim
3468 4953 3565 5009 fuit
3622 4955 3723 5011 hoc

2130 5057 2254 5129 ejus
2281 5068 2483 5111 nomen
2512 5050 2813 5108 secundum
2844 5062 3066 5116 corpus,
3099 5044 3197 5101 sed
3225 5042 3526 5099 secundum
3546 5041 3723 5099 deita-

2132 5153 2261 5213 tem,
2292 5142 2593 5200 secundum
2622 5152 2786 5211 quam
2817 5136 2954 5193 etin
2981 5149 3048 5191 eo
3085 5141 3350 5206 tempore,
3393 5139 3448 5189 et
3495 5137 3621 5188 ante
3676 5139 3727 5189 et

2133 5241 2260 5307 post
2287 5239 2501 5289 constat
2529 5226 2855 5284 Emmanuel
2879 5238 3030 5282 esse.

2205 5359 2471 5414 Movsss.
2502 5355 2621 5411 lam
2670 5369 2735 5409 ex
2792 5351 2876 5407 his
2930 5347 3036 5405 tuis
3090 5346 3274 5404 verbis
3329 5344 3573 5419 intelligo
3622 5344 3721 5402 tale

2132 5447 2283 5523 quid,
2313 5446 2459 5518 quod
2480 5450 2643 5500 antea
2669 5457 2780 5498 non
2801 5439 3004 5507 dixisti,
3039 5435 3241 5495 videris
3270 5434 3420 5491 enim
3467 5434 3721 5505 innuere,

2134 5522 2363 5612 puerum
2391 5533 2460 5591 de
2488 5548 2598 5607 quo
2626 5530 2866 5605 loqueris
2890 5527 3066 5585 Deum
3095 5535 3151 5582 et
3178 5524 3456 5582 hominem
3481 5522 3625 5583 fore.

2207 5672 2451 5728 Purus.
2486 5668 2564 5724 Ita
2588 5665 2782 5741 procul
2813 5662 2979 5720 dubio
3006 5660 3174 5720 credo
3204 5674 3334 5734 ego,
3380 5659 3529 5731 quod
3582 5666 3634 5716 at
3671 5658 3725 5714 in

2134 5775 2273 5818 meae
2302 5758 2429 5816 ﬁdei
2456 5753 2836 5828 explanatione
2863 5750 3055 5809 notavi
3081 5757 3137 5808 et
3165 5749 3263 5808 tibi
3317 5747 3621 5817 ostendam,
3676 5746 3722 5805 si

2136 5849 2357 5924 quando
2387 5846 2521 5903 illud
2551 5841 2860 5918 quaesieris.
