3966 6464
243 364 312 429 fili
1821 405 1899 466 m

2033 410 2123 469 (il.

297 505 595 572 MOYSES.
650 521 757 577 De
800 525 925 581 hoc
957 542 1063 581 non
1088 541 1269 597 quer
1300 524 1367 582 ad
1399 546 1635 600 priesens
1664 550 1788 605 ego,
1821 536 2013 602 imoA
2043 541 2338 615 spiritualc,
2370 547 2425 604 in
2481 549 2642 607 rebus

255 596 375 667 prius
396 607 552 663 vnio
590 617 1008 684 respondeas,
1057 618 1287 688 siquam
1335 620 1507 674 adimo
1554 623 1923 679 auctoritatem

262 689 444 749 habeas
478 696 557 752 de
598 705 944 773 propheta,
973 707 1116 775 quod
1146 723 1279 776 puer
1312 707 1421 776 ille,
1454 708 1591 762 filius
1622 710 1822 781 Maria),
1857 712 1924 768 de

269 799 423 848 matre
452 795 532 849 sit
566 809 756 857 natus
792 802 923 856 sine
952 805 1148 858 carnali
1182 813 1351 875 patre.

332 892 607 952 Ρετιιιῖε.
664 899 886 955 lIabeo
945 902 1143 971 utique.
1179 902 1261 957 Ait
1294 902 1436 957 enim
1471 922 1483 958 :
1518 906 1740 972 (torale,
1772 907 1919 973 creti,

280 995 540 1068 desuper,
573 1001 635 1053 et
657 998 857 1053 nubes
881 1000 1326 1071 pluuntjustum
1345 1014 1358 1067 ;
1374 1003 1674 1071 apirialur
1691 1006 1846 1059 terra
1863 1008 1918 1059 et

284 1096 572 1164 germinet
597 1095 1001 1161 Saluatorem,
1029 1100 1086 1151 et
1097 1098 1335 1167 justitia
1348 1098 1573 1153 oriatur
1586 1100 1763 1156 simul
1794 1114 1808 1167 ;
1832 1109 1914 1155 et:

291 1194 394 1263 Ego
426 1194 715 1248 Dominus
728 1194 930 1248 creavi
958 1208 1086 1247 eum
1124 1194 1256 1261 (Isa.
1287 1194 1442 1262 xu).
1480 1196 1581 1250 Per
1612 1197 1711 1251 hoc
1756 1213 1916 1251 nam-

295 1309 397 1363 que
421 1292 568 1362 quod
582 1292 695 1347 ait:
725 1294 959 1350 Rorate.
980 1292 1122 1357 cwli,
1161 1291 1419 1365 desuper,
1435 1297 1491 1348 et
1518 1294 1693 1350 nubes
1709 1296 1918 1367 pluunt

3525 451 3631 505 lil3

2672 561 2851 614 tamen
2905 562 3179 634 corporeis
3206 565 3382 626 simile
3433 589 3627 643 possu-

2034 651 2153 689 mus
2183 638 2445 712 invenire,
2481 664 2575 717 per
2628 654 2771 720 quod
2823 663 2873 709 et
2918 656 3048 711 illud
3102 670 3254 729 potes
3310 683 3626 737 agnoscere,

2032 724 2167 779 sicut
2197 727 2249 781 in
2273 728 2398 801 igne
2437 735 2525 803 qui
2558 746 2635 791 est
2665 741 2979 809 substantia,
3040 764 3257 819 semper
3286 752 3421 809 inest
3477 757 3631 812 clari-

2034 822 2111 867 tas
2162 831 2282 871 cum
2333 821 2531 877 calore.
2580 826 2769 897 Neque
2848 833 2991 887 enim
3055 836 3197 908 ignis
3277 842 3626 902 substantiam

2031 902 2234 973 absque
2280 907 2518 965 claritate
2575 922 2629 968 et
2657 916 2853 987 calore,
2906 938 3010 977 nec
3039 924 3154 979 sine
3187 926 3327 1000 ignis
3382 932 3628 989 substan-

2030 990 2101 1045 tia
2157 994 2451 1051 claritatem
2492 1001 2651 1057 simul
2718 1005 2963 1064 invenies
3034 1030 3154 1068 cum
3205 990 3415 1073 ralore.
3471 1022 3630 1080 Venit

2028 1088 2204 1135 autem
2246 1085 2313 1138 ad
2354 1101 2452 1141 nos
2501 1091 2791 1160 aliquando
2847 1099 2997 1153 calor
3052 1103 3169 1158 sine
3207 1098 3468 1176 claritate,
3528 1112 3625 1166 ali-

2028 1171 2241 1237 quando
2272 1174 2432 1229 etiam
2465 1178 2675 1234 claritas
2703 1184 2817 1239 sine
2845 1187 3043 1244 calore.

2098 1260 2361 1317 Momms.
2420 1264 2613 1322 Verum
2645 1279 2721 1325 est
2746 1282 2888 1331 certe
2917 1278 3060 1346 quod
3114 1280 3405 1352 aliquando
3480 1286 3626 1345 venit

288 1393 540 1462 justum,
588 1390 810 1446 notavit
868 1390 1129 1460 Spiritum
1182 1398 1425 1446 sanetum
1485 1392 1552 1447 de
1605 1394 1745 1450 OtDiO
1801 1394 1916 1449 fore

299 1491 728 1555 celescensurum;
752 1504 855 1558 per
876 1490 981 1542 hoc
1007 1495 1185 1543 autem
1202 1490 1346 1557 quod
1376 1491 1617 1559 sequitur
1648 1511 1660 1545 :
1692 1494 1916 1563 aperia-

296 1591 402 1641 tur
418 1592 581 1643 terra
614 1590 673 1641 et
703 1589 994 1656 germinet
1020 1586 1392 1645 Salvulorcm.
1423 1603 1619 1658 corpus
1684 1589 1916 1659 Virginis

290 1676 623 1746 accipimus,
666 1692 810 1744 quae,
870 1674 1279 1743 superveniente
1340 1675 1541 1744 Spiritu
1598 1685 1802 1740 saneto,
1862 1686 1916 1732 et

292 1775 638 1838 conceptum
687 1773 737 1817 et
766 1763 1103 1818 Salvatorem
1164 1762 1337 1817 fuerat
1390 1764 1645 1834 paritura.
1702 1765 1807 1821 Sed
1864 1773 1919 1820 et

288 1886 403 1941 per
431 1871 536 1922 hoc
555 1863 703 1935 quod
735 1870 817 1917 (st
847 1881 859 1917 :
896 1863 1002 1932 Ego
1022 1862 1288 1917 Dominus
1318 1863 1505 1918 creari
1554 1880 1704 1929 eum,
1738 1862 1912 1918 innui-

286 1968 409 2023 tur,
469 1956 617 2027 quod
677 1953 883 2020 absque
932 1950 1097 2020 patris
1151 1952 1379 2004 carnalis
1446 1952 1667 2013 auxilio,
1730 1953 1911 2006 Domi-

285 2065 406 2100 nus
426 2061 555 2101 eum
588 2040 874 2115 progenuit
907 2040 1081 2106 (l’sul.
1114 2044 1248 2109 cxx).
1282 2040 1431 2094 Unde
1475 2048 1524 2093 et
1557 2048 1741 2094 contra
1798 2042 1917 2095 illos

282 2145 393 2214 qui
451 2145 557 2197 hoc
614 2156 725 2193 non
779 2137 1004 2192 credunt
1041 2136 1220 2190 intulit
1282 2136 1334 2190 in
1375 2137 1615 2205 sequenti
1651 2155 1662 2191 :
1704 2136 1794 2192 Vae
1821 2140 1920 2206 qui

280 2231 656 2289 Contradicit
675 2227 996 2297 ﬁctorisuo,
1014 2229 1161 2281 testa
1173 2225 1239 2281 dc
1266 2226 1470 2282 Samiis
1482 2230 1732 2290 terrw,et
1756 2244 1915 2281 nun-

2026 1354 2091 1408 ad
2148 1373 2244 1411 nos
2299 1361 2510 1418 claritas
2540 1366 2653 1421 sine
2682 1372 2879 1427 calore.
2908 1376 3049 1431 Nam
3082 1379 3186 1434 hoc
3241 1398 3524 1452 [Nissenius
3551 1405 3618 1444 ex

2024 1446 2249 1502 candela
2280 1451 2577 1523 percipere.
2611 1459 2758 1525 cujus
2790 1462 3036 1520 videmus
3066 1468 3379 1539 claritatem,
3441 1482 3619 1533 etnon

2022 1543 2279 1598 sentimus
2306 1549 2561 1605 calorem.
2595 1555 2701 1608 Sed
2735 1574 2840 1613 non
2871 1560 3027 1617 video
3060 1563 3126 1617 de
3171 1567 3349 1623 calore
3392 1572 3620 1639 qualiter

2023 1639 2091 1693 ad
2122 1660 2218 1695 nos
2248 1646 2423 1701 veniat
2447 1649 2560 1704 sine
2589 1653 2848 1710 claritate.
3624 1730 3631 1739 ,

2098 1737 2351 1796 Pnrnt's.
2377 1744 2487 1799 Hoc
2517 1748 2771 1805 l'acilhme
2802 1770 3017 1824 possunt
3051 1762 3348 1818 ostendere.
3383 1765 3438 1819 Si
3469 1766 3613 1823 enim

2024 1824 2089 1877 de
2122 1830 2348 1884 metallis
2377 1833 2595 1904 aliquod
2645 1844 2939 1911 acceperis,
2972 1855 3023 1900 et
3066 1847 3195 1903 illud
3221 1851 3298 1907 sic
3344 1855 3611 1912 calefece-

1940 1901 1990 1961 Β
2022 1923 2111 1987 ris,
2135 1933 2194 1978 ut
2222 1926 2346 1981 inde
2377 1930 2521 1985 aliud
2551 1951 2744 2005 corpus
2796 1941 3095 1998 calefacere
3149 1949 3342 2015 possis,
3364 1950 3408 2004 si
3437 1953 3612 2010 eidem

2028 2018 2072 2064 te
2096 2014 2419 2087 adhibueris,
2456 2020 2688 2077 calorem
2721 2027 2937 2096 quidem
2971 2034 3183 2100 senties,
3218 2044 3271 2090 et
3319 2039 3611 2097 claritatem

2025 2116 2131 2154 non
2163 2102 2385 2159 videbis.

2094 2195 2355 2254 Movsus.
2389 2203 2506 2258 Jam
2538 2225 2603 2260 ex
2635 2209 2813 2265 verbis
2838 2213 2940 2268 tuis
2962 2216 3158 2273 videris
3186 2222 3423 2293 credere,
3470 2225 3627 2296 quod

2023 2293 2151 2350 sicut
2193 2300 2515 2373 quandoque
2569 2307 2781 2365 claritas
2840 2313 3046 2384 absque
3099 2318 3298 2389 calore,
3358 2328 3412 2376 et
3466 2324 3615 2380 calor

2023 2396 2496 2470 provenitabsque
2534 2404 2790 2471 claritate,
2834 2416 2886 2463 et
2916 2418 3093 2466 tamen
3151 2431 3256 2469 non
3304 2427 3617 2486 separantur

2020 2476 2089 2529 ab
2120 2477 2264 2548 igne,
2324 2483 2390 2538 ita
2423 2494 2475 2540 et
2498 2488 2661 2542 Filius
2681 2491 2883 2562 absque
2931 2495 3083 2550 Patre
3127 2506 3181 2553 et
3226 2476 3428 2572 Spiritu
3482 2520 3615 2558 san-

2018 2573 2102 2618 cto
2163 2584 2378 2625 carnem
2410 2577 2659 2647 suscepit,
2700 2596 2800 2636 nec
2828 2591 3048 2652 propter
3075 2585 3177 2641 hoc
3233 2594 3412 2644 tamen
3440 2591 3510 2647 ab
3539 2592 3617 2648 eis

2016 2666 2207 2719 rem-ssi
2218 2674 2257 2722 ι.

2086 2752 2345 2812 Ρετιιιος.
2380 2760 2573 2831 l’tique
2611 2765 2686 2820 sic
2715 2768 3015 2841 credoego,
3051 2779 3099 2827 et
3131 2781 3185 2828 tu
3207 2774 3346 2829 bene
3377 2775 3619 2834 inellexi-

2015 2840 2099 2905 sti,
2132 2843 2173 2895 si
2204 2847 2469 2903 crederes.
2503 2851 2650 2907 Dixit
2670 2855 2814 2910 enim
2840 2840 3048 2915 Veritas
3078 2861 3229 2932 ipsa:
3264 2863 3371 2935 Ego
3396 2878 3523 2920 sum
3555 2868 3616 2922 in

2015 2930 2207 2996 Patre,
2229 2937 2540 2994 ctPaterin
2566 2957 2654 2998 me
2685 2947 2969 3003 estann.
3000 2930 3120 3020 sur)
3147 2966 3159 3018 ;
3183 2959 3232 3005 et
3257 2930 3445 3008 iterum
3470 2964 3483 3009 ξ
3509 2955 3617 3025 Ego

278 2321 437 2392 quid
470 2321 627 2374 dicet
678 2317 861 2372 lutum
914 2313 1084 2383 [igqu
1120 2329 1220 2368 suo
1253 2332 1264 2366 :
1303 2312 1443 2379 Quid
1471 2315 1641 2382 facis,
1688 2321 1740 2369 et
1781 2331 1913 2387 Opus

279 2416 470 2467 tuum
483 2409 693 2479 absque
706 2403 971 2460 manibus
984 2406 1066 2457 est
1086 2406 1199 2456 Yet:
1224 2402 1749 2475 l'crquidieitpatri:
1771 2404 1913 2472 Quid

274 2511 583 2570 generos;
613 2502 669 2549 et
698 2492 917 2548 matri:
945 2490 1086 2558 Quid
1114 2491 1368 2561 partui-is
1406 2491 1580 2558 ?(Isa.
1621 2500 1790 2563 XLV.)
1821 2493 1910 2547 Sic

275 2588 450 2641 enim
468 2583 743 2639 invehitur
765 2582 818 2634 in
834 2580 973 2644 illos,
999 2578 1167 2648 quide
1185 2581 1284 2632 hoc
1309 2578 1570 2642 dubitant,
1598 2588 1649 2635 et
1666 2589 1911 2650 quierunt

274 2674 584 2745 quomodo
630 2671 775 2726 Deus
814 2686 938 2723 eum
983 2668 1247 2739 genuerit,
1271 2675 1321 2720 et
1374 2667 1587 2722 beatam
1627 2678 1910 2724 causantur

272 2774 553 2834 Mariam.
586 2768 729 2840 quod
774 2768 978 2836 absque
1009 2765 1109 2822 viri
1137 2767 1507 2820 commistione
1543 2767 1769 2837 peperit.
1796 2772 1906 2824 lte-

274 2881 419 2918 rum
444 2856 952 2917 contraincredulos
968 2856 1190 2925 loquens
1205 2857 1484 2927 propheta,
1509 2854 1583 2908 ait
1607 2873 1620 2909 :
1643 2856 1906 2929 Nunquid

276 2970 414 3023 ego.
438 2952 537 3024 qui
555 2949 916 3018 aliosparere
931 2944 1097 3014 facio,
1115 2945 1231 3015 ipse
1250 2959 1364 2997 non
1383 2943 1625 3013 pariam,
1647 2944 1787 2999 dicit
1810 2946 1907 2999 Do-

276 3043 499 3094 minus
514 3037 607 3093 ἵδὶ
626 3052 741 3103 ego,
769 3033 868 3105 qui
885 3032 1306 3102 generationem
1325 3031 1457 3085 aliis
1473 3032 1903 3094 tribuo,slerilis

282 3146 417 3193 ero,
441 3128 527 3182 ait
572 3124 846 3179 Dominus
886 3121 1027 3175 Deus
1066 3120 1570 3190 tuus?(_!sut.xw.)
1602 3120 1689 3174 Sic
1743 3139 1902 3176 nam-

285 3233 407 3287 que
440 3213 735 3269 ostenditur
797 3207 939 3278 quod
972 3208 1113 3262 Deus
1143 3224 1265 3261 eum
1322 3208 1437 3262 sine
1494 3208 1694 3264 carnali
1752 3219 1903 3279 patre

285 3303 572 3377 genuerit.
614 3302 744 3355 Haec
801 3313 929 3351 sane
962 3296 1383 3365 intelligentibus
1424 3297 1584 3352 credo
1632 3299 1899 3365 sut‘liecre,

290 3393 449 3463 quod
482 3392 550 3446 de
605 3396 780 3443 matre
823 3386 939 3439 sine
967 3384 1167 3439 carnali
1200 3392 1350 3456 patre
1380 3394 1535 3440 natus
1564 3386 1724 3442 fuerit
1770 3405 1906 3459 puer

294 3484 418 3537 ille.

869 3597 1164 3654 TITULUS
1204 3597 1345 3652 VIII.

288 3703 580 3772 Quomodo
598 3703 658 3758 in
685 3714 919 3766 corpore
946 3698 1541 3755 Christiincarnatum
1556 3701 1642 3753 est
1664 3696 1897 3755 Verbum

423 3801 541 3869 Dei,
574 3803 632 3856 et
658 3799 777 3872 fuit
814 3797 1071 3853 Christus
1100 3796 1280 3861 homo,
1312 3795 1485 3850 simul
1514 3799 1570 3851 ct
1601 3797 1771 3851 Deus.

368 3930 640 3985 Mersus.
672 3926 817 3984 Satis
866 3926 1139 3995 hucusque
1170 3941 1268 3995 per
1320 3925 1689 3981 auctoritatem
1740 3926 1896 3997 egisti

287 4019 366 4073 de
400 4019 554 4088 pueri
584 4016 957 4089 generatione,
1016 4022 1066 4068 et
1094 4015 1223 4068 satis
1275 4014 1474 4084 patitur
1500 4015 1637 4069 ratio
1667 4016 1744 4069 sic
1782 4014 1893 4070 ﬁeri

234 4088 239 4091 μ
293 4107 567 4178 potuisse,
600 4088 695 4159 sed
744 4103 997 4159 omnibus
1052 4111 1127 4157 est
1159 4101 1458 4157 mirabilius
1514 4102 1744 4173 qualiter
1788 4105 1894 4158 hu-

290 4221 464 4260 mano
520 4202 732 4275 corpori
793 4199 936 4270 quod
984 4208 1064 4254 est
1117 4200 1493 4272 compositum,
1549 4200 1719 4255 deitas
1773 4217 1893 4272 qua:

288 4294 497 4365 simpla
525 4289 846 4362 estadjungi
885 4289 1112 4359 potuerit
1170 4297 1224 4343 et
1268 4289 1427 4345 uniri.
1487 4290 1682 4344 Precor
1736 4305 1888 4362 ergo,

291 4392 355 4438 ut
383 4381 699 4452 promisisti,
733 4380 966 4436 edissere
1024 4395 1129 4448 qua
1160 4378 1212 4433 id
1242 4377 1355 4433 ﬁeri
1388 4378 1556 4449 potuit
1579 4378 1809 4435 ratione.

372 4473 630 4527 PETRUS.
662 4469 825 4524 Nulla
862 4476 1002 4523 certe
1034 4465 1146 4521 fieri
1201 4465 1387 4521 debuit
1441 4467 1742 4522 necessaria
1795 4484 1889 4523 ra-

290 4564 461 4630 tione,
494 4558 640 4629 quod
668 4557 784 4614 solo
815 4556 916 4611 Dei
949 4563 1075 4611 nutu
1108 4556 1305 4611 factum
1337 4555 1434 4610 fuit
1463 4563 1622 4625 atque
1652 4556 1890 4612 benilate

2017 3021 2073 3071 et
2100 3021 2272 3077 Pater
2298 3039 2481 3081 unum
2514 3044 2712 3086 sumus
2734 3034 2919 3089 (Joan.
2948 3052 3004 3105 Χ,
3040 3042 3207 3092 xviii.

2085 3123 2353 3181 Movsns.
2393 3130 2642 3183 Concedo
2671 3135 2798 3187 satis
2828 3137 2971 3205 quod
3007 3140 3175 3209 potuit
3204 3142 3404 3197 homini
3431 3143 3614 3198 Deitas

2012 3221 2067 3257 se
2100 3207 2286 3277 unire;
2358 3221 2731 3279 verumtatem,
2791 3235 2913 3273 enm
2945 3207 3023 3276 sic
3078 3221 3192 3277 fieri
3248 3242 3465 3281 necesse
3498 3243 3609 3281 non

2017 3292 2191 3360 fuerit,
2223 3314 2319 3351 cur
2339 3299 2556 3354 ere’dere
2585 3302 2845 3359 debemus
2869 3306 3069 3364 factum
3091 3327 3213 3367 esse
3243 3314 3270 3365 ἢ

2086 3402 2330 3459 Pramus.
2363 3406 2476 3462 Nos
2511 3424 2645 3465 sane
2697 3413 2789 3484 qui
2847 3415 3149 3487 prophetas
3179 3420 3434 3475 mentitos
3486 3439 3610 3477 esse
3690 3439 3697 3447 '

2011 3514 2118 3553 non
2149 3501 2449 3570 credimus,
2480 3522 2604 3561 cum
2638 3508 2739 3579 ipsi
2758 3510 3039 3568 Christum
3064 3514 3245 3571 Deum
3260 3525 3313 3572 et
3328 3496 3623 3576 hominem

2009 3587 2245 3645 futurum
2275 3590 2391 3648 fore
2427 3595 2801 3669 praedixerint,
2859 3601 3135 3659 veraciter
3160 3621 3257 3662 eos
3315 3613 3368 3661 et
3400 3605 3505 3664 hoc
3526 3608 3605 3662 di-

2009 3684 2154 3742 xisse
2183 3689 2414 3747 credere
2441 3692 2731 3752 debemus.

2079 3778 2345 3834 Marses.
2380 3782 2584 3838 Vellem
2638 3786 2802 3843 modo
2830 3788 2960 3843 mihi
2990 3791 3300 3847 osuinderes
3339 3810 3444 3864 quo
3486 3795 3605 3850 loco

2009 3874 2111 3929 hoc
2160 3879 2437 3948 prephetae
2475 3882 2795 3952 perhibeant
2848 3886 2915 3941 de
2974 3887 3088 3942 illo.
3146 3889 3285 3944 Nam
3316 3907 3419 3962 ego
3462 3901 3607 3947 certe

2006 3988 2169 4042 super
2195 3974 2379 4030 omnia
2410 3976 2540 4033 illud
2587 3980 2687 4035 abs
2716 3989 2764 4037 te
2794 3983 2982 4040 audire
3011 3984 3277 4045 desidero.

2077 4074 2330 4130 Pramus.
2367 4076 2623 4149 Legimus
2650 4096 2778 4134 sane
2811 4081 2862 4135 in
2895 4084 3091 4138 Genesi
3121 4084 3413 4142 Dominum
3434 4087 3603 4142 dixis-

2005 4186 2061 4224 se
2086 4189 2098 4225 :
2126 4172 2421 4228 Faciamus
2440 4174 2728 4231 hominem
2750 4177 2826 4233 ad
2840 4179 3144 4251 imaginem
3179 4185 3236 4238 et
3258 4182 3599 4240 similitudi-

2004 4275 2135 4315 nem
2165 4264 2442 4327 nostram,
2476 4270 2528 4316 et
2556 4264 2683 4318 alibi
2714 4284 2725 4319 :
2763 4266 2984 4323 Creaoit
3025 4270 3472 4329 Deus/aominem
3520 4274 3596 4331 ad

2001 4356 2213 4427 imagin
2223 4374 2310 4413 em
2324 4362 2380 4415 σε
2397 4361 2841 4419 similitudinem
2869 4381 3030 4421 suam
3063 4369 3222 4437 (Gen.
3244 4371 3307 4438 ι).
3332 4369 3432 4426 Dic
3449 4388 3594 4427 nunc

1999 4458 2152 4525 mibi,
2185 4475 2391 4529 quaeso,
2411 4478 2533 4533 qua:
2561 4469 2641 4517 est
2666 4464 2765 4518 Dei
2795 4465 2978 4539 imago
2994 4468 3093 4523 ista
3119 4469 3204 4525 vel
3233 4469 3532 4531 similitudo
3566 4475 3595 4528 ?

2001 4555 2060 4610 In
2090 4573 2197 4626 quo
2226 4558 2371 4613 enim
2429 4561 2734 4616 consimiles
2761 4570 2886 4618 sunt
2938 4564 3123 4637 imago
3152 4566 3252 4622 Dei
3298 4577 3347 4623 et
3409 4570 3594 4643 imago

286 4626 561 4723 (Titini).
593 4646 716 4702 Nisi
748 4645 1024 4715 enimipse
1052 4644 1589 4712 voluisset,humanm
1608 4662 1664 4697 se
1682 4654 1887 4702 natura:
1914 4626 1970 4689 D
1994 4654 2226 4710 hominis
2252 4656 2281 4711 7

286 4756 401 4794 non
450 4737 646 4791 uniret.
681 4736 1062 4789 Verumtamen
1118 4733 1263 4787 nulla
1314 4733 1522 4787 ratione
1578 4733 1888 4804 perhibetur

288 4836 409 4891 ﬁeri
464 4833 733 4889 debuisse.
777 4831 928 4885 Sicut
946 4830 1089 4883 enim
1122 4831 1322 4895 anima,
1355 4846 1477 4899 qua":
1532 4831 1728 4899 simpla
1784 4838 1880 4897 est,

288 4924 605 4996 adiungitur
632 4918 844 4991 corpori
872 4919 1190 4989 composito,
1247 4926 1302 4972 et
1323 4918 1453 4973 liunt
1478 4919 1585 4974 duo
1613 4920 1704 4974 illa
1750 4936 1886 4975 unus

288 5017 480 5082 homo,
512 5020 567 5067 et
594 5013 694 5065 hoc
722 5009 928 5077 absque
978 5007 1200 5063 rationis
1226 5008 1576 5075 contradicto,
1637 5008 1711 5063 ita
1739 5010 1884 5064 nulla

291 5129 511 5185 quoque
555 5109 801 5165 obstante
858 5105 1083 5173 ratione,
1140 5105 1315 5175 potuit
1365 5105 1510 5160 Deus
1568 5106 1771 5162 homini
1824 5124 1907 5179 se,

290 5203 466 5257 unire.

362 5293 624 5346 Movsns.
657 5283 817 5341 Aliud
838 5300 1052 5355 quoque
1079 5283 1177 5337 abs
1199 5290 1267 5350 te,
1298 5282 1339 5338 si
1363 5284 1556 5353 placet,
1578 5284 1699 5339 volo
1733 5286 1882 5340 audi-

286 5398 366 5435 re.
399 5382 533 5435 Cum
565 5376 712 5432 enim
745 5374 955 5427 Patrem
985 5380 1038 5426 et
1066 5371 1256 5426 Filium
1287 5380 1339 5426 et
1365 5372 1622 5441 Spiritum
1636 5382 1877 5429 sam-tum

287 5469 487 5524 dixeris
523 5473 575 5522 et
604 5462 795 5519 eredas
848 5477 964 5515 esse
993 5477 1177 5525 unum,
1237 5460 1386 5514 dicas
1422 5461 1584 5515 velim
1643 5478 1875 5532 quonam

283 5564 445 5624 modo
478 5562 674 5619 Filium
708 5558 883 5613 solum
913 5557 1642 5626 credasincarnatum,etnon
1666 5561 1875 5617 Patrem

283 5658 366 5715 vel
397 5644 665 5728 Spiritum
698 5654 962 5703 sanctum.

351 5748 607 5801 Pernus.
642 5735 789 5801 Tibi,
820 5742 968 5806 puto,
992 5741 1135 5790 certe
1163 5736 1357 5790 mirum
1370 5738 1871 5809 estetimpossibile,

279 5834 419 5909 quod
452 5847 557 5887 nos
585 5826 788 5881 mirum
820 5839 926 5878 non
951 5822 1223 5878 credimus
1250 5840 1385 5879 esse.
1437 5826 1580 5880 Licet
1617 5827 1761 5880 enim
1788 5842 1877 5882 os-

274 5926 419 5986 tendi
450 5921 693 5991 nequeat
725 5913 829 5967 boc
858 5912 909 5966 in
941 5911 1170 5979 Deitate,
1201 5914 1326 5983 quia
1354 5914 1548 5971 subtile
1575 5916 1791 5986 quidem
1822 5924 1875 5971 et

605 6015 874 6077 Parum.
920 6007 1156 6073 CLVII.

2062 4744 2323 4800 Mersus.
2354 4745 2560 4803 Bonum
2593 4755 2671 4803 est
2690 4757 2831 4805 certe
2870 4751 3147 4809 veritatem
3183 4768 3496 4825 agnoscere,
3539 4765 3592 4812 et

1993 4847 2095 4903 ego
2125 4834 2386 4890 Veraciter
2433 4836 2554 4892 dico
2610 4838 2666 4892 in
2712 4840 2860 4895 nullo
2908 4839 3025 4897 illas
3079 4841 3388 4899 consimiles

1990 4932 2128 4986 Nam
2160 4940 2211 4987 et
2236 4934 2480 5003 superius
2513 4942 2621 4988 tum
2652 4935 2879 5004 ratione,
2904 4944 3012 4992 tum
3044 4937 3356 4993 auetoritate
3404 4949 3589 4996 osten-

1989 5036 2108 5073 sum
2149 5027 2228 5073 est
2282 5028 2336 5074 et
2379 5036 2478 5075 nos
2533 5022 2895 5077 concessimus
2942 5024 3112 5078 Deum
3159 5024 3235 5079 rei
3289 5025 3592 5082 similitudi-

1992 5134 2113 5173 nem
2137 5117 2341 5174 habere
2358 5118 2576 5174 nullius.

2067 5203 2321 5257 PETRCS.
2357 5203 2609 5258 Mentitur
2637 5223 2769 5278 ergo
2801 5206 3072 5278 Scriptura
3105 5225 3223 5278 quae
3250 5208 3395 5273 dicit,
3447 5209 3591 5280 quod

1993 5301 2065 5356 ad
2099 5301 2406 5373 imaginem
2428 5305 2483 5357 cl
2509 5303 3120 5362 similitudinemsitum
3140 5305 3287 5361 Deus
3303 5307 3588 5364 Iconiincm

1986 5389 2220 5445 creavit.

2060 5474 2326 5527 Movsns.
2365 5472 2741 5545 Nequaquam.

2058 5563 2318 5616 Parnrs.
2353 5560 2451 5615 Cui
2510 5562 2675 5634 igitur
2703 5564 2931 5619 duorum
2989 5566 3199 5621 illorum
3254 5568 3584 5624 credendum

1985 5659 2063 5705 est
2092 5652 2494 5721 prophetarum,
2525 5667 2591 5705 an
2615 5650 2689 5705 illi
2735 5653 2825 5721 qui
2854 5652 2991 5708 dixit
3045 5654 3220 5709 Deum
3251 5657 3329 5711 rei
3387 5657 3595 5723 nullius~

1990 5741 2189 5797 habere
2210 5739 2641 5808 similitudinem,
2694 5756 2762 5794 an
2784 5740 2860 5794 illi
2891 5744 2981 5811 qui
3028 5745 3103 5798 ait
3136 5763 3148 5799 :
3186 5745 3406 5803 Great-vit
3441 5746 3583 5803 Deus

1985 5828 2270 5885 hominem
2319 5832 2342 5883 γ
2400 5836 2500 5882 etc.
2553 5829 2681 5885 Uter
2742 5844 2929 5884 eorum
2978 5831 3240 5887 veraciter
3291 5843 3373 5888 est
3423 5834 3599 5917 locu-3

1982 5925 2064 5974 tus
2095 5920 2121 5973 1’

3259 6020 3335 6084 ΞΟ
