3966 6392
423 387 529 453 6l9

1353 376 1554 438 PETRI
1590 367 1940 435 ALPHONSI
1975 364 2073 430 ΒΧ
2112 373 2356 432 JUUJEO
2395 361 2797 428 CliliiSTlANl

3625 360 3753 423 620

496 519 757 576 Μογειε.
787 500 1055 579 Neutrum
1082 514 1213 568 “ne
1243 518 1435 565 90mm
1462 498 1759 561 dicendum
1798 504 2021 557 οεῑθεεδ
2052 500 2109 566 Α
2134 504 2280 567 illud
2308 505 2688 565 etcarroboret
2732 505 2794 560 in
2812 498 3025 575 iudicio
3055 504 3110 558 et
3131 478 3388 574 justitia,
3417 517 3453 555 a
3477 491 3642 556 modo
3680 503 3748 554 et

431 618 722 678 mentitum
735 657 749 672 .

507 744 749 800 Passus.
779 738 848 794 Et
879 718 990 795 duo
1044 728 1324 791 contraria
1358 725 1633 802 quomodo
1691 731 1919 796 possunt
1975 719 2032 778 in

431 828 624 893 eodem
655 845 799 897 esse,
836 827 1008 883 Deum
1059 821 1267 880 scilicet
1294 827 1344 875 et
1377 818 1577 873 habere
1633 813 1946 887 imaginem.
1980 820 2034 869 et

433 938 540 980 non
570 917 778 977 habere
809 916 838 970 εἴ

504 1030 757 1085 Nosses.
788 1023 909 1080 Hoc
928 1028 1081 1078 certe
1097 1016 1221 1074 volo
1249 1030 1360 1088 ego
1371 1011 1784 1071 mihiedisseras
1800 1020 2035 1082 quonam

430 1117 594 1176 modo
623 1132 686 1173 ea
714 1112 835 1186 ipse
864 1108 1164 1182 intelligas.

505 1244 749 1306 Planus.
790 1234 985 1300 Ethoc
1010 1236 1257 1314 profecto
1287 1242 1474 1293 rerum
1504 1239 1611 1302 est,
1634 1230 1811 1289 Deu'm
1831 1221 2040 1314 scilicet

436 1342 496 1397 ut
542 1334 898 1412 praediximus
954 1310 1035 1387 rei
1086 1324 1505 1385 similitudinem
1560 1321 1759 1378 habere
1818 1310 2037 1385 nullius,

437 1442 491 1496 et
516 1430 745 1507 Moysen
778 1429 1050 1489 veraciter
1088 1424 1295 1482 dixisse
1325 1420 1592 1489 novimus,
1618 1416 1760 1492 quod
1788 1411 1861 1473 ad
1888 1414 2042 1471 ima-

431 1538 623 1612 ginem
688 1535 746 1588 et
773 1520 1211 1587 similitudinem
1276 1538 1441 1579 suam
1479 1517 1751 1577 creaverit
1789 1514 2043 1571 homines

430 1604 598 1688 Deus.
633 1623 922 1682 Veridicus
957 1619 1105 1675 enim
1134 1616 1234 1672 fuit
1251 1613 1370 1686 ipse
1401 1612 1456 1667 in
1487 1610 1764 1667 omnibus.
1797 1604 1903 1663 Sed
1949 1620 2045 1677 per

430 1716 727 1791 imaginem
779 1709 881 1766 Dei
933 1704 1004 1764 de
1063 1721 1173 1779 qua
1221 1704 1441 1775 lloyses
1500 1708 1583 1756 est
1647 1698 1879 1762 loculus,
1910 1693 2047 1749 ima-

2136 614 2309 672 usque
2324 598 2383 651 in
2402 595 2815 668 sempiternum
2838 591 3065 662 (Istmx)
3100 608 3113 655 ;
3143 588 3266 657 hoc,
3282 586 3532 661 inquam,
3548 595 3742 644 totum

2138 694 2368 753 ostendit
2388 708 2615 767 puerum
2633 684 2786 746 illum
2800 690 2971 746 Deum
2984 696 3035 743 et
3048 685 3323 742 hominem
3338 683 3592 740 debuisse
3604 698 3756 738 esse

2139 787 2398 841 futurum.
2414 780 2689 853 Quidquid
2712 777 2855 834 enim
2870 775 3104 833 hominis
3117 772 3389 842 est,iinem
3404 781 3485 829 est
3498 772 3733 827 habitu—

2142 888 2281 938 rum,
2309 874 2453 927 Deus
2468 876 2648 926 autem
2668 872 2721 924 et
2745 865 2889 938 quod
2929 866 3086 934 hujus
3106 872 3209 929 est,
3244 871 3428 918 manet
3482 861 3537 917 in
3560 868 3750 916 teter-

2141 988 2270 1027 num
2293 968 2624 1040 (Psat.xv1).
2662 966 2867 1020 Prmter
2920 964 3039 1019 haec
3091 961 3259 1017 etiam
3293 957 3476 1015 omnia
3530 957 3755 1029 injuste

2141 1052 2271 1115 mihi
2299 1052 2632 1116 contradicis
2689 1050 2760 1109 de
2788 1050 3107 1107 numinibus
3160 1047 3513 1120 supradictis,
3558 1043 3761 1102 vestri

2143 1143 2669 1220 namquedoctnres,
2728 1146 2782 1198 et
2808 1139 3081 1197 Christum
3113 1144 3322 1209 septem
3352 1136 3572 1195 nomina
3630 1135 3759 1190 ha-

2147 1246 2385 1301 biturum
2414 1254 2541 1299 esse
2571 1238 2845 1303 diXerunt,
2888 1242 2940 1293 et
2984 1235 3102 1292 haec
3158 1235 3359 1290 eadem
3408 1237 3751 1304 posuerunt.

2149 1335 2265 1392 Hoc
2293 1341 2472 1389 autem
2529 1330 2585 1384 in
2642 1326 3029 1398 disputationis
3087 1324 3317 1380 exordio
3355 1329 3585 1395 pactum
3629 1335 3757 1376 non

2149 1424 2418 1487 fit-meras,
2448 1428 2507 1475 ut
2533 1419 2731 1487 injuste
2758 1416 2964 1488 aliquid
2992 1413 3370 1470 contradicas.

2221 1524 2464 1587 Mai-sas.
2486 1524 2767 1582 Recordor
2791 1531 2843 1579 et
2867 1534 3057 1579 verum
3087 1529 3190 1589 est,
3211 1519 3285 1576 ita
3305 1523 3521 1576 nostros
3535 1516 3757 1573 dixisse

2153 1620 2424 1677 doctores.

2206 1736 2439 1792 PETRUS.
2462 1731 2653 1789 Adhuc
2677 1740 2725 1787 et
2743 1728 2902 1785 aliam
2928 1722 3090 1794 dabo,
3128 1720 3173 1780 si
3204 1725 3307 1781 vis.
3343 1716 3757 1787 auctoritatem,

1057 1799 2114 1917 ῩξἯξξἛῇξῗἫξὶᾟι,βαθξξῗξῗῇῗῖιΒ
2153 1840 2376 1898 puerum
2404 1816 2557 1878 illum
2588 1820 2761 1876 Deum
2794 1824 2920 1874 esse
2951 1815 3184 1872 futurum
3219 1823 3271 1870 et
3333 1813 3628 1868 hominem.
3664 1810 3765 1865 Ait

380 1944 384 1948 η
431 1882 825 1976 intelligamus,
877 1902 1042 1969 quam
1096 1890 1400 1962 assumpsit
1429 1887 1529 1943 Dei
1561 1884 1739 1941 Filius
1775 1882 2031 1938 incarna-

439 2004 524 2052 tus
536 2032 551 2048 .

502 2119 762 2175 Movsas.
800 2110 867 2166 Et
894 2105 1168 2182 quomodo
1213 2106 1317 2161 hoc
1346 2111 1495 2158 stare
1524 2095 1749 2173 poterit,
1808 2111 1931 2152 cum
1964 2108 2030 2151 eo

436 2217 708 2278 tempore,
763 2213 872 2283 quo
927 2198 1106 2252 factus
1135 2191 1432 2257 estAdam,
1471 2188 1707 2245 nondum
1740 2185 2035 2257 imaginem

437 2275 610 2362 illam,
638 2301 802 2365 quam
830 2278 1003 2343 Deum
1026 2280 1249 2342 creditis
1279 2280 1671 2351 assumpsisse,
1697 2275 1815 2348 ipse
1833 2288 2039 2328 assum-

442 2383 618 2460 pserit
640 2376 671 2435 9

510 2510 767 2569 PBTRUS.
800 2498 943 2556 Etsi
971 2497 1156 2570 imago
1188 2495 1282 2551 illa
1310 2492 1549 2549 nondum
1606 2495 1725 2545 erat
1753 2488 1807 2543 in
1839 2501 2035 2558 opere,

441 2597 497 2655 in
523 2598 642 2666 ejus
662 2603 840 2648 tamen
870 2584 1219 2659 providentia
1272 2584 1383 2654 jam
1413 2580 1589 2636 fuerat
1618 2587 1781 2649 atque
1838 2576 2039 2631 volun-

444 2696 576 2743 tate.
606 2683 741 2739 Cum
757 2687 941 2734 autem
969 2675 1223 2732 voluntas
1250 2671 1374 2741 ejus
1406 2686 1522 2725 non
1552 2676 1806 2731 mutetur,
1871 2679 2043 2738 quan-

446 2756 557 2832 tuin
582 2771 655 2829 ad
710 2768 889 2840 ipsum
943 2762 1018 2818 nil
1049 2763 1249 2823 obstat,
1293 2759 1425 2830 quin
1474 2758 1657 2827 imago
1681 2769 1782 2811 sua
1828 2767 2047 2823 semper

448 2863 618 2922 fuisse
636 2856 907 2915 credatur.
951 2852 1015 2906 Et
1041 2850 1148 2907 hoc
1195 2848 1399 2920 quippe
1446 2844 1575 2900 alibi
1631 2844 1938 2899 invenimus
1990 2840 2046 2895 in

450 2943 734 3027 prophetis
764 2942 953 3002 (Num.
977 2955 1036 3007 ll,
1068 2955 1127 3027 tu
1159 2956 1174 3003 ς
1207 2937 1336 3027 iiut.
1370 2934 1452 3005 ιιι)
1482 2933 1625 3007 quod
1656 2931 1727 2987 de.
1763 2930 1943 2986 futura
1987 2944 2048 2984 re

454 3020 613 3115 quasi
640 3032 916 3108 praeterita
933 3028 1041 3086 sint
1073 3022 1255 3093 locuti,
1290 3023 1429 3080 sicut
1457 3022 1627 3077 Isaias
1651 3020 1753 3075 sub
1810 3032 2049 3091 persona

454 3110 692 3191 Domini,
723 3122 798 3177 ait
824 3135 837 3175 :
870 3120 998 3176 Dies
1017 3114 1257 3173 ultionis
1291 3115 1354 3169 in
1375 3110 1539 3168 corde
1570 3127 1711 3176 meo,
1735 3123 1927 3163 annus
1955 3122 2049 3162 re-

2143 1914 2289 1971 enim
2321 1906 2469 1969 deeo
2497 1910 2641 1966 idem
2663 1907 2925 1981 prepheta
2958 1923 2972 1960 :
3010 1902 3513 1976 Egredieturvirga
3554 1901 3620 1956 de
3652 1914 3762 1954 m-

2144 2010 2265 2071 dice
2284 2014 2451 2076 Iesse,
2477 2012 2533 2066 et
2556 2008 2658 2077 ﬂos
2688 2006 2756 2062 de
2777 2003 2968 2061 radice
2985 2002 3108 2071 ejus
3138 1999 3434 2065 ascendet,
3468 2003 3525 2054 et
3541 1997 3769 2069 requie-

2144 2100 2262 2161 scet
2274 2112 2581 2174 supersum
2596 2096 2842 2169 Spiritus
2863 2088 3091 2149 Domini
3098 2092 3366 2163 ,Spiritus
3380 2087 3682 2160 sapientiae
3695 2088 3757 2139 et

2146 2188 2494 2261 intellectus,
2513 2192 2758 2266 Spiritus
2776 2189 3001 2247 consilii
3022 2192 3077 2244 et
3095 2186 3433 2259 fortitudini
3442 2182 3755 2255 s,Spiritus

2146 2289 2402 2348 scientia:
2430 2289 2485 2341 et
2508 2284 2759 2356 pietatis,
2793 2284 2849 2337 et
2881 2277 3118 2351 replebit
3136 2292 3265 2333 eum
3283 2272 3749 2342 Spiritutimoris

2148 2376 2519 2437 Domini.Non
2530 2369 2838 2428 secundum
2854 2368 3126 2425 visionem
3143 2359 3752 2434 oculorumjudicubit,

2150 2484 2252 2525 nec
2273 2463 2585 2522 secundum
2606 2458 2870 2515 auditum
2886 2454 3118 2511 aurium
3135 2449 3752 2525 arguet,sedjudirabit

2151 2554 2445 2629 injustilia
2482 2563 2756 2625 pauperes
2774 2551 2830 2602 et
2844 2547 3047 2616 arguet
3060 2542 3124 2599 in
3144 2543 3415 2615 aequitate
3434 2555 3536 2613 pro
3570 2554 3752 2593 man-

2152 2650 2330 2712 suetis
2348 2657 2512 2707 terra:
2523 2650 2577 2704 et
2587 2645 2868 2718 percutiet
2889 2646 3101 2698 terram
3134 2641 3287 2709 virga
3301 2632 3413 2693 oris
3430 2634 3604 2701 sui,et
3624 2634 3755 2708 spis

2154 2754 2275 2809 ritu
2299 2749 2573 2806 labiorum
2592 2759 2824 2800 suorum
2856 2738 3166 2809 interﬁciet
3209 2735 3594 2808 impiumUsa.
3647 2734 3747 2802 XI).

2157 2838 2315 2911 Quod
2338 2836 2482 2893 enim
2494 2832 2702 2898 ait,non
2724 2828 3040 2887 secundum
3056 2827 3325 2883 visionem
3348 2822 3755 2892 cculorumju-

2158 2939 2790 3001 dicabit,etceteraquse
2833 2933 3150 2999 sequuntur,
3197 2920 3580 2994 proculdubio
3618 2916 3755 2973 nulli

2158 3024 2509 3088 conveniunt,
2533 3014 2637 3074 nisi
2659 3016 2912 3073 soiiDeo.
2932 3014 3111 3070 Homo
3136 3012 3281 3068 enim
3303 3008 3407 3064 nisi
3426 3009 3572 3081 quod
3594 3006 3759 3062 vide-

2160 3118 2248 3183 rit,
2281 3113 2367 3170 vel
2394 3107 2646 3174 audierit,
2672 3106 2818 3177 juste
2867 3099 3073 3175 aliquid
3090 3099 3342 3171 judicare
3386 3114 3496 3153 non
3526 3096 3748 3170 poterit.

457 3211 787 3276 tribuum"
815 3224 959 3264 mea
988 3205 1141 3262 venit
1164 3198 1297 3299 αφ’
1322 3204 1473 3270 Lm)
1489 3241 1503 3254 '
1536 3192 1934 3299 Piespmre‘il-O
1959 3192 2050 3251 vel
2087 3219 2137 3283 Ο
2233 3243 2476 3298 Moriens.
2507 3236 2642 3290 Pars
2669 3242 2804 3287 sane
2854 3229 3033 3297 hujus,
3057 3241 3220 3299 quam
3261 3222 3357 3279 tibi
3378 3222 3433 3278 in
3489 3220 3748 3277 auxilium

456 3321 630 3365 annus
658 3316 768 3358 non
790 3304 1033 3362 venerat,
1096 3308 1218 3364 quas
1251 3296 1435 3346 tamen
1476 3286 1606 3361 quia
1660 3286 1715 3341 in
1746 3282 1913 3342 corde
1951 3299 2053 3338 suo

449 3396 563 3468 jam
593 3392 731 3458 erat,
757 3388 878 3460 jam
911 3382 1126 3441 venisse
1153 3377 1388 3437 dicebat.

525 3503 771 3559 Mersus.
788 3490 969 3550 Habes
993 3488 1171 3546 adhuc
1201 3482 1437 3559 aliquam
1467 3476 1631 3539 aliam
1647 3478 2048 3548 auctoritatem,

455 3590 557 3666 per
585 3601 747 3660 quam
775 3580 1017 3656 apertius
1061 3575 1242 3650 possis
1270 3570 1565 3630 ostendere
1621 3584 1853 3643 puerum
1901 3567 2052 3623 illum

458 3656 581 3739 esse
603 3656 791 3733 Deum
822 3669 1080 3727 debuisse
1109 3673 1164 3722 et
1192 3662 1468 3719 hominem
1499 3656 1529 3714 Ῥ

529 3777 771 3833 Part-nus.
796 3766 982 3824 Habeo
1039 3763 1227 3835 utique
1282 3759 1505 3815 multas.
1549 3755 1635 3812 Ait
1689 3753 1831 3811 enim
1862 3748 1931 3811 de
1991 3769 2056 3810 eo

461 3866 630 3925 isaias
650 3878 665 3919 :
683 3857 961 3919 Parvulas
983 3852 1137 3911 enim
1157 3854 1333 3906 natus
1354 3852 1440 3904 est
1470 3842 1645 3914 nobis,
1685 3848 1739 3901 et
1787 3840 1944 3914 ﬁlius
1962 3840 2059 3899 da-

465 3964 558 4014 tus
588 3957 672 4011 est
701 3948 882 4011 nobis,
911 3947 967 4000 et
997 3938 1287 3999 vocabitur
1306 3948 1513 3993 nomen
1533 3936 1654 4005 ejus
1673 3932 2056 3998 Admirabilis,

465 4040 865 4105 Consilian'iu,
886 4032 1032 4090 Deus
1047 4028 1253 4102 fortis,
1280 4028 1451 4082 Pater
1465 4023 1654 4095 futuri
1674 4021 2061 4088 swculi,Prin-

462 4129 757 4206 cepspucis
791 4124 920 4196 (lia.
943 4122 1053 4189 Ix).
1093 4118 1221 4174 Hac
1252 4116 1402 4172 enim
1432 4112 1657 4169 nemina
1685 4110 1869 4167 omnia
1927 4122 2066 4166 non-

465 4224 572 4282 nisi
602 4215 798 4277 Dcitati
823 4208 1189 4270 conveniunt.

535 4330 785 4385 Mones.
816 4319 897 4374 Tu
925 4314 1068 4372 male
1118 4311 1459 4384 Scripturam
1507 4307 1801 4381 intelligis.
1876 4303 2069 4379 Neque

462 4423 704 4490 animi“
726 4414 1022 4492 legendum
1048 4418 1153 4480 est,
1198 4413 1349 4483 quod
1399 4407 1613 4464 dicatur
1639 4420 1785 4481 puer
1834 4404 1930 4460 ille
1959 4402 2073 4459 Ad.

461 4518 726 4587 mirabilis
753 4514 842 4573 vel
860 4508 1374 4576 Consiliarius,etc.,
1406 4504 1517 4560 imo
1532 4503 1636 4558 ita:
1664 4503 1763 4558 ille
1775 4503 1869 4575 qui
1889 4502 2075 4558 estad-

463 4617 751 4686 mirabilis,
783 4611 874 4685 qui
897 4614 986 4667 est
1012 4603 1382 4671 consiliarius,
1443 4600 1539 4673 qui
1563 4609 1649 4657 est
1678 4601 1824 4656 Deus
1879 4598 2059 4666 fortis,

461 4723 555 4801 qui
581 4725 665 4778 est
691 4719 850 4788 pater
878 4692 1046 4765 futuri
1075 4701 1288 4801 umenti
1323 4716 1337 4757 :
1370 4698 1487 4765 ille,
1552 4698 1804 4768 inquam,
1852 4694 2072 4753 vocabit

460 4785 592 4872 dum
621 4785 922 4880 principem
967 4792 1149 4867 pacis.
1212 4790 1309 4847 Sin
1360 4797 1568 4854 autem,
1631 4788 1703 4843 de
1735 4798 1845 4857 quo
1906 4785 2072 4859 igitur

465 4913 673 4971 dictum
699 4902 785 4960 est
811 4894 1029 4953 vocabit
1059 4893 1087 4944 ‘I

538 5020 778 5083 Pettius.
814 5006 933 5070 Hoc
958 5004 1092 5064 mihi
1148 5016 1281 5060 sane
1314 4997 1518 5059 nullum
1552 4997 1713 5057 aii'erl
1765 4999 2071 5057 incommo-

467 5129 621 5192 dum,
646 5116 775 5191 quia
802 5113 952 5170 Deus
977 5107 1059 5164 sic
1087 5100 1381 5176 appellavit
1410 5098 1674 5171 seipsum.
1732 5098 1802 5154 Et
1834 5099 1939 5154 hoc
1972 5097 2074 5153 lin-

467 5242 575 5303 gua
601 5216 744 5278 bene
772 5209 974 5284 patitur
1003 5198 1293 5268 Habraica,
1317 5197 1457 5255 sicut
1480 5197 1537 5251 in
1568 5192 1710 5252 libro
1732 5195 1962 5252 Numeri
1986 5195 2075 5249 in-

473 5291 689 5381 venitur
714 5331 729 5369 :
762 5304 879 5366 Ista
899 5300 982 5362 est
1015 5300 1112 5358 lex
1142 5296 1583 5357 consecrationis
1611 5311 1624 5348 :
1652 5291 1790 5350 Cum
1809 5292 2077 5368 diesquos

474 5439 550 5482 ea:
578 5417 702 5475 voto
732 5402 1057 5465 decreverat
1085 5395 1537 5469 complebantur,
1560 5390 1806 5448 adducet
1842 5407 1974 5448 eum
2003 5389 2078 5446 ad

481 5518 689 5577 ostium
713 5496 1074 5565 tabernaculi
1101 5491 1328 5565 [sederis
1358 5490 1559 5559 (Num.
1599 5489 1703 5561 γι).
1742 5489 1825 5545 De
1880 5488 2079 5545 eodem

480 5621 720 5683 namque
745 5600 952 5659 dictum
980 5598 1087 5657 est,
1145 5589 1490 5655 etadducct,
1548 5595 1604 5643 et
1654 5602 1817 5643 eum.
1881 5586 1992 5642 Sed
2027 5594 2079 5642 et

483 5708 630 5790 quod
658 5704 715 5760 il
741 5695 945 5756 eodem
964 5692 1090 5748 loco
1110 5688 1189 5744 ait
1230 5686 1503 5759 propheta
1536 5700 1550 5741 :
1596 5683 2082 5755 lultiplieabitur

480 5782 603 5886 ἀπα
615 5794 1007 5874 imperium,“
1018 5789 1181 5862 pacis
1191 5798 1308 5841 non
1336 5784 1451 5840 erit
1468 5782 1636 5852 ﬁnis:
1660 5796 1841 5853 super
1869 5782 2080 5837 coitum

488 5880 659 5969 David
677 5903 913 5965 etsuper
940 5898 1175 5958 regnum
1191 5884 1311 5957 ejus
1326 5880 1556 5950 sedebit,
1579 5884 1654 5946 et,
1674 5880 2075 5950 utconﬁrmct,

2163 3326 2444 3388 adduxisti
2495 3319 2853 3383 auctoritatis,
2877 3317 2950 3372 ad
2996 3317 3102 3372 hoc
3120 3315 3303 3370 obstat
3356 3309 3755 3368 ostendendum

2165 3430 2310 3504 quod
2333 3437 2386 3481 tu
2415 3422 2654 3497 probare
2705 3414 3017 3474 contendis.
3078 3412 3297 3484 Legitur
3348 3424 3581 3481 namque
3638 3407 3737 3462 ibi.

2165 3497 2233 3578 [υἷι
2266 3515 2912 3591 requiescetsupereum
2930 3504 3182 3577 Spiritus
3216 3501 3463 3567 Domini,
3510 3497 3753 3570 Spiritus

2167 3616 2466 3693 sapientia
2481 3614 2537 3669 ct
2560 3607 2911 3671 intellectus,
2930 3601 3180 3675 Spiritus
3197 3598 3423 3654 consilii
3444 3599 3501 3652 et
3517 3595 3756 3666 fortitu-

2167 3688 2339 3782 diuis,
2369 3710 2617 3785 δρίιαίιιιε
2638 3702 2896 3765 scientia
2925 3703 2980 3756 et
3007 3697 3267 3785 pietatis.
3286 3699 3343 3751 et
3377 3688 3611 3766 replebit
3630 3708 3754 3749 eum

2164 3781 2618 3882 Spii'itutimoris
2637 3788 2950 3850 Domini.Si
2978 3782 3120 3843 enim
3154 3785 3306 3841 Deus
3338 3782 3480 3838 esset
3524 3781 3749 3846 futurus,

2165 3877 2393 3954 daturus
2423 3889 2608 3960 utique
2640 3889 2787 3939 esset
2817 3877 2936 3934 hac
2967 3883 3022 3932 et
3049 3888 3156 3930 non
3184 3881 3536 3943 accepturus.

2242 4025 2479 4080 Penus.
2508 4009 2657 4071 Nihil
2681 4014 2759 4065 est
2787 3998 2940 4077 quod
2968 3998 3221 4072 opponis.
3243 3995 3369 4053 Dixi
3417 3992 3754 4065 namquetibi

2172 4117 2226 4172 in
2256 4108 2447 4186 primis
2474 4104 2529 4158 in
2561 4115 2697 4155 mea:
2727 4091 3104 4164 explanatione
3135 4082 3496 4149 credulitatis,
3530 4092 3642 4139 tres
3670 4083 3752 4153 ip-

2175 4168 2297 4262 sum
2325 4213 2448 4256 esse
2479 4184 2810 4248 substantias
2837 4179 3140 4238 Christum.
3172 4186 3372 4246 corpus
3403 4173 3634 4239 scilicet,
3652 4168 3760 4226 ani-

2177 4260 2344 4355 mam,
2377 4295 2428 4344 et
2458 4286 2650 4340 Deum.
2683 4273 2750 4330 Et
2770 4269 3070 4327 secundum
3102 4262 3369 4320 Deitalem
3405 4269 3619 4333 septem
3670 4260 3758 4315 illa

2179 4392 2286 4450 sibi
2332 4354 2466 4445 sunt
2518 4375 2770 4435 attributa
2818 4360 3101 4430 vocabula,
3159 4354 3460 4417 secundum
3530 4356 3755 4414 animam

2180 4447 2318 4541 vero
2361 4481 2572 4544 septem
2606 4473 2837 4521 munera
2890 4451 3064 4528 potuit
3093 4450 3375 4521 suscipere
3433 4447 3756 4519 supradicta.

2092 4600 2145 4660 υ
2337 4534 2544 4640 quippe
2576 4553 2761 4613 anima
2791 4554 2987 4620 praster
3019 4542 3163 4612 quod
3194 4548 3313 4596 erat
3343 4534 3542 4593 Deilati
3573 4536 3759 4605 adjun-

2704 4656 2764 4660 ,__
2801 4631 3034 4660 -_....:.....
3067 4626 3159 4660 ι’..ει
3196 4629 3496 4660 mamma...“
3557 4622 3759 4660 Λςηιηίε..

2171 4622 2306 4726 αυξ-
2338 4622 2523 4728 ὅθι-.έο
2551 4656 2768 4719 quoquc
2796 4631 3036 4693 omnium
3066 4626 3164 4687 fuit
3196 4629 3500 4685 animarum
3557 4622 3761 4699 dignis-

2174 4764 2313 4807 sima
2326 4789 2339 4801 .

2244 4875 2483 4929 Mersus.
2515 4863 2651 4919 Cum
2682 4858 2869 4927 itaque
2912 4845 3215 4906 secundum
3246 4842 3513 4897 Deitatem
3562 4845 3755 4909 septem

2175 4967 2457 5031 vocabula,
2487 4968 2544 5019 et
2573 4954 2872 5014 Secundum
2927 4948 3168 5002 animam
3189 4949 3399 5011 septem
3428 4938 3523 4992 illa
3576 4950 3753 4990 susce-

2174 5069 2315 5141 perit
2338 5075 2587 5125 munera,
2620 5051 2785 5111 velim
2814 5046 2947 5105 mihi
2975 5053 3127 5101 certe
3157 5037 3377 5112 aperias
3408 5034 3538 5107 quid
3571 5048 3754 5088 secun-

2173 5168 2301 5224 dum
2331 5176 2533 5235 corpus
2564 5155 2613 5213 ei
2643 5151 2929 5208 attribuas.

2246 5292 2484 5347 i’s'raus.
2518 5282 2666 5340 Licet
2709 5271 3001 5334 ridiculose
3028 5268 3133 5323 hoc
3164 5256 3441 5336 proferas,
3494 5260 3686 5318 tamen,
3715 5254 3757 5309 si

2176 5389 2279 5458 vis,
2300 5388 2477 5445 dicam
2511 5379 2639 5455 quid
2670 5371 2970 5433 seCundum
2998 5378 3223 5422 carnem
3253 5358 3302 5415 ei
3334 5355 3645 5411 attribuam.
3675 5348 3754 5405 Di-

2176 5450 2476 5559 cit'quippe
2506 5450 2654 5538 idem
2683 5473 2857 5532 Isaias
2877 5485 2889 5525 :
2910 5465 3065 5522 Dabo
3093 5464 3155 5519 in
3177 5453 3493 5516 solitudine
3524 5450 3752 5516 cedrum,

2177 5589 2234 5641 et
2246 5548 2475 5647 setliiin,
2500 5583 2557 5638 et
2576 5574 2886 5647 myrthum,
2907 5569 2962 5621 et
2986 5565 3203 5633 lignum
3222 5556 3404 5613 olivae.
3425 5555 3481 5607 et
3496 5565 3688 5621 ponam
3702 5548 3752 5603 in

2178 5682 2397 5740 deserto
2439 5679 2701 5739 abietem,
2741 5671 2943 5741 pinum
2980 5665 3035 5719 et
3059 5661 3276 5718 buxum
3298 5651 3470 5707 simul
3484 5648 3747 5717 (κωκυ.)

2180 5781 2285 5834 Per
2312 5780 2413 5833 has
2429 5789 2563 5831 sane
2577 5773 2804 5826 arbores
2818 5771 3049 5834 septem,
3063 5769 3267 5825 corpus
3290 5745 3491 5806 Christi
3510 5743 3747 5816 designa-

2179 5886 2285 5933 tur.
2304 5878 2383 5932 De
2412 5873 2595 5945 aliquo
2624 5878 2856 5936 namque
2883 5861 2988 5915 hoc
3020 5857 3245 5910 (Inserta
3273 5861 3372 5905 cur
3400 5845 3623 5905 diceret.
3652 5855 3750 5896 cum
