3966 6418
255 418 352 476 625

1798 420 2105 482 DIALOGI.

3489 416 3597 476 626

263 542 393 600 belli
422 550 660 606 statuta
686 549 1009 612 desolatio.
1044 553 1409 625 Confirmabit
1437 556 1631 611 autem
1651 554 1885 625 pactum
1913 548 1970 609 Α
2067 545 2309 602 Montis.
2338 544 2625 616 Postquam
2659 538 2728 599 d8
2758 550 2999 618 tempore
3013 540 3275 601 advenins
3305 539 3498 598 Christi
3525 557 3596 599 ex

263 634 463 690 multis
475 634 848 697 hebdomada
862 648 1064 712 una,et
1074 644 1136 699 in
1147 644 1381 700 dimidio
1394 640 1750 700 hebdomadis
1761 638 1887 709 deﬁ-

269 729 379 785 ciet
393 731 1111 807 hostiaetsacriﬁcium,et
1122 743 1185 796 in
1198 742 1407 813 templo
1419 742 1529 797 erit
1542 739 1804 795 abomina
1812 739 1887 793 tio

277 817 658 889 desolationis,
677 830 737 880 et
754 843 943 899 usque
965 829 1036 884 ad
1058 831 1611 885 consummationem
1636 832 1693 885 et
1713 827 1885 896 ﬁnem

279 914 656 980 perseverabit
669 914 1133 985 desolatio(Dan.
1161 919 1256 987 ix).
1292 917 1577 988 Prophetia
1604 933 1733 970 sane
1767 916 1885 982 ista,

286 1011 320 1050 ο
346 998 572 1068 Moyses,
618 1002 811 1059 clausa
841 1011 941 1073 est,
991 1014 1043 1059 et
1078 1006 1148 1059 ad
1178 1006 1587 1077 intelligendum
1636 1002 1886 1071 difﬁcilis,

287 1092 343 1139 et
372 1095 489 1141 sunt
518 1088 593 1142 ibi
624 1092 845 1146 termini
876 1094 1027 1148 multi
1075 1094 1360 1167 designati,
1400 1094 1496 1149 sed
1538 1101 1719 1149 tamen
1764 1108 1889 1147 om-

288 1190 387 1229 nes
404 1175 471 1229 ad
507 1178 908 1235 ostendendum
927 1182 1117 1237 Christi
1139 1184 1428 1240 adventum
1475 1190 1599 1237 sunt
1627 1181 1805 1253 positi.
1829 1183 1891 1236 In

288 1262 484 1332 primis
516 1264 683 1336 igitur
716 1268 1001 1324 sciendum
1048 1278 1148 1337 est,
1197 1272 1324 1341 quia
1369 1271 1738 1327 hebdomades
1778 1270 1891 1324 ista:

284 1366 555 1407 annorum
593 1363 718 1410 sunt
746 1356 1137 1413 hebdomades.
1171 1359 1305 1414 Cum
1336 1359 1501 1431 igitur
1527 1359 1633 1415 ait:
1657 1360 1892 1431 Septua-

280 1441 450 1510 ginta
477 1442 850 1501 hebdomades
883 1448 1218 1504 constitutas
1247 1452 1389 1504 sunt
1421 1463 1592 1520 super
1618 1448 1892 1521 papulum

284 1530 354 1582 tu
361 1535 540 1594 um,et
552 1547 724 1603 super
734 1533 934 1590 urbem
943 1537 1263 1593 sanctuarii
1276 1538 1454 1601 tui,ut
1464 1541 1856 1592 consummetu
1866 1554 1892 1589 r

280 1631 762 1699 prwvaricatio,ef
774 1635 881 1702 [ita
898 1654 947 1689 :a
968 1637 1209 1707 (ιι-νὲμίαέ
1224 1641 1542 1708 peccatum,
1564 1640 1621 1691 et
1633 1635 1894 1691 deleatur

279 1716 586 1789 iniquitas,
610 1722 792 1776 etadd
800 1728 932 1778 ucat
940 1740 1009 1778 ur
1013 1725 1251 1795 justitia
1261 1724 1620 1789 sceculorum,
1634 1727 1691 1778 et
1704 1723 1894 1794 imple-

281 1816 426 1868 atur
442 1816 602 1881 visio,
622 1820 1088 1891 etprophetiae,et
1116 1826 1373 1891 ungatur
1394 1822 1636 1878 Sanctus
1655 1837 1793 1876 sane
1802 1825 1892 1875 to-

1993 637 2377 708 prophetarum
2409 634 2725 689 testimoniis
2765 632 3053 702 asseruisti,
3083 632 3153 688 de
3181 647 3289 704 quo
3317 631 3445 687 satis
3474 646 3591 687 esse

1994 724 2168 795 patuit
2192 732 2251 779 ut
2275 723 2477 790 dixisti,
2507 723 2633 778 volo
2661 731 2719 779 ut
2746 722 2854 777 alia
2891 722 2984 777 illa
3016 721 3345 792 exsequeris,
3383 734 3505 790 qua
3534 720 3591 776 in

1997 812 2113 883 ipso
2141 819 2195 868 et
2221 811 2474 883 operibus
2500 811 2618 882 ejus
2642 818 2946 881 patuerunt,
2969 816 3127 880 atque
3156 809 3355 878 verbis,
3388 824 3512 879 quae
3538 816 3593 864 et

1996 901 2064 955 de
2094 901 2209 970 ipso
2238 907 2297 954 ut
2322 900 2515 955 asseris
2540 899 2800 970 praedicta
2825 906 2949 953 sunt
2975 914 3009 953 a
3035 897 3331 969 prophetis.

2069 998 2305 1052 Penus.
2343 996 2596 1067 Legimus
2638 996 2695 1051 in
2736 995 3174 1060 Deuteronomio,
3218 994 3346 1065 quia
3381 995 3594 1066 Moyses

1998 1093 2171 1141 morte
2196 1084 2299 1139 sibi
2322 1084 2441 1153 jam
2471 1084 2787 1140 imminente
2811 1084 2888 1139 sic
2916 1084 2984 1139 ad
3014 1083 3273 1155 populum
3304 1083 3468 1139 Israel
3514 1091 3596 1139 est

1997 1184 2242 1240 locutus:
2273 1184 2632 1256 Prophetam,
2659 1182 2849 1253 inquit,
2866 1182 2934 1238 de
2965 1185 3133 1253 gente
3148 1185 3272 1248 tua,
3289 1184 3348 1238 et
3367 1181 3435 1238 de
3473 1183 3595 1253 fra-

1999 1280 2187 1340 tribus
2197 1283 2315 1338 tuis
2324 1283 2474 1338 sicut
2484 1297 2574 1337 me
2587 1280 2885 1337 suscitabit
2899 1280 3002 1336 tibi
3014 1278 3431 1336 DominusDeus
3457 1282 3595 1335 tuus

1994 1373 2184 1444 ipsum
2206 1370 2421 1439 audies,
2444 1373 2511 1426 ut
2540 1370 2744 1442 petisti
2772 1385 2808 1424 a
2838 1368 3071 1424 Domino
3103 1368 3210 1424 Deo
3229 1370 3328 1423 tuo
3349 1368 3413 1423 in
3434 1366 3592 1434 0reb,

1999 1459 2220 1534 quando
2233 1460 2425 1516 concio
2436 1462 2773 1529 congregata
2786 1462 2869 1514 est
2879 1460 3047 1523 atque
3061 1455 3285 1512 dixisti:
3307 1455 3465 1514 Ultra
3476 1472 3592 1511 non

1999 1560 2230 1614 audiam
2253 1574 2437 1615 vocem
2456 1558 2681 1613 Domini
2703 1556 2804 1612 Dei
2817 1556 2949 1623 mei,
2968 1557 3022 1612 et
3037 1555 3226 1626 ignem
3240 1554 3390 1611 hunc
3413 1554 3596 1610 maxi-

1998 1663 2157 1703 mum
2176 1647 2425 1718 amplius
2435 1661 2551 1702 non
2564 1644 2773 1711 videbo,
2789 1660 2863 1701 ne
2878 1645 3110 1701 moriar.
3127 1645 3199 1700 Et
3213 1643 3299 1699 ait
3318 1643 3594 1699 Dominus

1998 1736 2181 1792 mihi:
2206 1737 2349 1792 Bene
2369 1732 2566 1791 omnia
2576 1737 2715 1791 sunt
2736 1734 2933 1791 locuti.
2960 1732 3300 1803 PrOphetam
3311 1730 3594 1805 suscitabo

2003 1827 2087 1881 eis
2108 1824 2175 1881 de
2194 1824 2377 1881 medio
2395 1826 2650 1895 fratrum
2669 1839 2902 1879 suorum
2921 1822 3169 1877 similem
3187 1822 3294 1888 tui,
3308 1824 3365 1877 et
3384 1836 3593 1892 ponam

281 1916 441 1967 rum;
456 1919 582 1957 cum
602 1905 754 1974 illud,
779 1906 1021 1977 inquam,
1040 1909 1133 1976 ait,
1154 1910 1396 1965 adnotari
1416 1910 1734 1978 voluit,quia
1753 1925 1883 1979 sep-
1915 1903 1970 1963 B
2000 1912 2162 1967 verba
2176 1926 2302 1967 mea
2322 1911 2386 1966 in
2402 1925 2497 1967 ore
2513 1910 2654 1980 ejus,
2675 1910 3040 1982 loqueturque
3061 1907 3133 1963 ad
3149 1922 3241 1963 eos
3262 1906 3456 1962 omnia
3472 1922 3595 1980 quas

284 1998 389 2052 ties
406 2002 770 2072 septuaginta.
793 2004 846 2058 id
878 2013 976 2071 est,
1004 2007 1361 2078 quadraginta
1381 2015 1435 2061 et
1454 2006 1748 2077 nonaginta
1766 2006 1893 2061 anni

282 2091 723 2145 erantconstituti
737 2092 808 2147 ab
822 2092 1066 2162 ejusdem
1078 2109 1221 2149 anno
1234 2096 1536 2166 prophetiae
1548 2109 1714 2165 usque
1724 2096 1793 2151 ad
1808 2094 1895 2151 de-

282 2176 640 2233 structionem
660 2180 998 2237 Hierusalem
1014 2190 1069 2237 et
1086 2184 1420 2254 templi,qute
1436 2200 1469 2239 a
1487 2185 1607 2240 Tito
1624 2185 1893 2241 Romano-

284 2280 412 2319 rum
433 2266 758 2336 imperatore
782 2269 884 2324 l'uit
904 2271 1061 2337 iacta,
1085 2272 1239 2341 cujus
1257 2280 1497 2344 tempore
1517 2273 1893 2328 destructionis

279 2350 407 2421 jam
428 2355 665 2410 Christus
684 2360 1024 2430 venerat.qui
1040 2368 1093 2415 et
1105 2360 1314 2430 justitia
1329 2362 1646 2417 saeculorum
1667 2368 1721 2415 et
1740 2376 1892 2416 sanc-

291 2447 471 2495 torum
493 2442 718 2500 Sanctus
734 2455 869 2514 erat,
892 2465 989 2518 per
1005 2466 1164 2518 quem
1179 2450 1341 2505 etiam
1358 2458 1637 2519 peccatum
1658 2465 1818 2505 omne
1839 2456 1894 2504 et

291 2528 550 2599 iniquitas
571 2534 856 2603 estdeleta,
877 2544 930 2589 et
948 2538 1229 2608 prophetia
1247 2539 1425 2592 omnis
1446 2538 1688 2607 impleta.
1712 2539 1890 2592 Caste-

290 2633 353 2671 ra
370 2626 552 2673 autem
574 2638 694 2691 qua:
713 2632 1008 2693 sequuntur
1026 2626 1209 2681 omnia
1228 2625 1297 2681 ad
1320 2629 1508 2681 horum
1534 2626 1894 2698 quadringen-

292 2712 473 2760 torum
510 2715 562 2762 et
604 2712 903 2783 nonaginta
947 2728 1212 2770 annorum
1260 2715 1582 2771 divisionem
1631 2723 1684 2769 et
1712 2714 1893 2769 deter-

293 2795 645 2851 minationem
687 2808 812 2853 sunt
844 2802 1036 2872 posita.
1084 2802 1185 2857 Per
1230 2805 1332 2858 hoc
1372 2818 1502 2874 ergo
1532 2802 1678 2874 quod
1718 2811 1797 2857 est
1827 2803 1895 2858 ab

290 2891 462 2944 exitu
476 2894 774 2959 sermonis,
792 2898 857 2949 ut
873 2896 1085 2950 iterum
1095 2897 1332 2965 wdiﬁcet
1342 2914 1413 2951 ur
1424 2898 1897 2963 Hierusalem,us-

291 2993 398 3049 que
414 2979 488 3034 ad
504 2978 792 3037 Christum
821 2983 1020 3039 ducem
1060 2985 1676 3058 hebdomadesjseplem,
1712 2987 1893 3041 innui-

295 3083 380 3129 tur
419 3078 562 3147 quod
601 3079 671 3134 ab
716 3080 879 3149 hujus
923 3082 1010 3136 die
1058 3084 1355 3154 prophetiae
1402 3100 1572 3153 usque
1599 3084 1669 3139 ad
1699 3086 1894 3155 Cyrum

292 3163 486 3220 ducem
517 3168 797 3223 Persarum
828 3170 919 3238 qui
948 3170 1017 3224 ab
1039 3170 1156 3240 ipso
1178 3173 1292 3226 Deo
1314 3189 1409 3243 per
1428 3173 1625 3228 Isaiam
1659 3174 1898 3230 Christus

416 3266 715 3358 appellatus
742 3268 895 3358 _(lsa.
928 3272 1082 3337 xu),
1125 3268 1336 3325 fuerunt
1372 3278 1580 3341 septem
1626 3286 1888 3326 annorum
1921 3250 1972 3314 α
1998 3250 2168 3358 Egi}

289 3354 679 3423 hebdomades,
702 3356 757 3409 id
778 3365 859 3412 est
874 3358 1263 3430 quinquaginta
1282 3368 1333 3413 et
1356 3376 1549 3415 novem
1571 3360 1718 3428 anni,
1736 3360 1890 3430 cujus

290 3456 413 3525 Cyri
437 3466 707 3528 prtecepto
730 3459 896 3529 erepit
919 3460 1252 3515 Hierusalem
1275 3461 1608 3517 resediticari.
1643 3464 1705 3517 In
1732 3461 1888 3532 cujus

284 3544 700 3602 resediticatione
730 3554 785 3601 et
814 3556 1096 3618 postquam
1136 3558 1566 3605 consummatum
1596 3558 1678 3605 est
1728 3566 1881 3621 Opus,

288 3651 455 3704 usque
492 3636 559 3689 ad
589 3636 882 3691 adventum
925 3638 1026 3692 Titi
1067 3655 1231 3708 super
1258 3641 1591 3695 Hierusalem
1621 3640 1884 3710 (medria-

284 3724 436 3795 genti
484 3724 700 3796 triginta
740 3733 797 3780 et
840 3734 1066 3795 quatuor
1111 3728 1237 3782 anni
1285 3728 1516 3795 fuerunt,
1567 3736 1621 3784 et
1656 3731 1761 3783 hoc
1807 3738 1885 3784 est

286 3821 432 3890 quod
450 3821 609 3876 dicit:
634 3821 1008 3879 Hebdomades
1039 3827 1343 3897 sexaginta
1362 3826 1509 3891 dare,
1548 3826 1602 3880 id
1632 3833 1729 3890 est,
1753 3842 1884 3895 qua-

283 3922 552 3993 dringenti
592 3924 814 3995 triginta
839 3931 895 3979 et
921 3933 1149 3994 quatuor
1191 3927 1316 3981 anni
1347 3935 1519 3994 erunt,
1556 3932 1615 3984 et
1647 3944 1881 3985 rursum

281 4012 656 4079 (edi/icabitur
672 4014 867 4084 platea
877 4018 933 4068 et
950 4015 1099 4069 muri
1113 4015 1174 4070 in
1189 4017 1451 4085 angustia
1468 4020 1803 4088 temporum,
1825 4023 1881 4073 et

279 4113 407 4178 post
426 4106 800 4163 habdomades
813 4112 1023 4181 septem
1034 4111 1316 4166 occidetur
1339 4110 1618 4177 Christus,
1639 4113 1783 4182 quod
1803 4120 1883 4166 est

282 4210 407 4271 post
434 4202 803 4257 hebdomades
826 4204 1182 4275 septuaginta,
1213 4212 1266 4260 et
1290 4215 1572 4276 postquam
1612 4206 1884 4262 occidetur

284 4292 539 4346 Christus.
551 4292 915 4349 Civitatemet
928 4295 1323 4350 sanctum-ium
1338 4294 1631 4367 dissipabit
1641 4299 1882 4369 papulas

284 4396 798 4461 scilicelRomanus,
823 4415 950 4455 cum
974 4398 1111 4455 duce
1134 4405 1388 4467 venturo,
1424 4401 1477 4455 id
1504 4410 1582 4455 est
1598 4418 1718 4456 cum
1741 4403 1879 4464 Tito,

287 4492 345 4543 et
352 4488 491 4555 ﬁnis
505 4490 624 4556 eius
647 4489 903 4553 vastitas,
921 4493 1112 4559 etpost
1132 4489 1307 4559 ﬁnem
1329 4490 1462 4546 belli
1477 4495 1699 4546 statuta
1721 4491 1881 4546 deso-

289 4577 447 4632 latio.
470 4575 625 4643 Quod
644 4585 824 4630 autem
846 4577 1462 4647 sequitur,con/irmabit
1476 4581 1891 4650 pactummul-‘

290 4674 365 4729 tis
405 4673 747 4729 hebdomada
780 4690 916 4741 una,
960 4674 1053 4728 illa
1098 4674 1342 4745 profecto
1389 4675 1729 4731 hebdomade
1774 4694 1880 4731 una

287 4770 494 4832 septem
538 4771 660 4817 sunt
705 4763 831 4816 anni
885 4762 1197 4817 obsidionis.
1249 4765 1467 4833 Septem
1522 4766 1665 4819 enim
1728 4767 1881 4821 annis

288 4860 507 4915 obsessa
535 4868 615 4915 est
641 4860 831 4915 civitas
858 4860 927 4916 ab
963 4862 1199 4916 exercitu
1241 4863 1625 4930 Romanorum,
1650 4872 1702 4919 et
1743 4864 1882 4919 infra

288 4957 408 5012 illos
433 4966 637 5028 septem
667 4974 856 5025 annos,
889 4958 1023 5013 adeo
1053 4960 1221 5014 coacti
1253 4961 1469 5016 fuerunt
1498 4961 1639 5015 intus
1670 4969 1721 5017 et
1749 4961 1880 5016 adli-

287 5045 376 5111 cti,
408 5047 551 5116 quod
581 5063 689 5101 non
721 5047 978 5101 haberent
1007 5048 1146 5102 unde
1175 5048 1493 5108 sacriﬁcium
1544 5051 1718 5105 facere
1749 5067 1879 5121 pos-

288 5144 422 5205 sent,
468 5145 517 5192 et
554 5139 655 5193 hoc
703 5145 783 5191 est
827 5138 970 5208 quod
1004 5138 1113 5194 ait:
1141 5139 1202 5195 In
1233 5141 1465 5196 dimidio
1497 5140 1877 5209 hebdomadis,

288 5232 341 5288 id
369 5241 449 5289 est.
476 5235 615 5291 infra
652 5234 1069 5303 hebdomadam,
1102 5237 1321 5305 deﬁciet
1344 5239 1522 5295 hostia
1563 5242 1619 5294 et
1656 5241 1880 5309 sacri/i-

289 5331 518 5398 cium,et
534 5332 599 5385 in
622 5329 833 5401 templo
848 5332 958 5386 erit
970 5331 1318 5387 abominatio
1332 5332 1881 5405 desolationis.Quod

292 5428 447 5482 etiam
479 5426 719 5491 additur,
751 5442 922 5498 usque
949 5428 1022 5483 ad
1053 5432 1601 5486 consummationem
1624 5436 1680 5488 et
1703 5433 1880 5501 ﬁnem

284 5516 667 5591 perseverabit
706 5514 992 5583 desolatio,
1040 5517 1274 5572 insinuat
1303 5518 1445 5587 quod
1492 5519 1794 5590 captivitas,
1827 5528 1881 5575 et

278 5616 537 5673 desolatio
570 5614 667 5668 illa
694 5609 800 5666 ﬁne
832 5613 965 5668 foret
1005 5616 1252 5670 caritura.
1296 5616 1515 5687 Septem
1561 5634 1691 5691 ergo
1736 5618 1877 5673 heb-

272 5713 535 5772 domades
566 5725 743 5778 usque
776 5710 842 5762 ad
872 5710 1085 5782 Cyrum,
1126 5719 1178 5766 et
1205 5714 1485 5787 sexaginta
1513 5714 1632 5770 dum
1662 5713 1874 5771 hebdo-

267 5815 456 5873 mades
486 5826 521 5865 ει
554 5810 705 5876 Cyro
733 5822 897 5875 usque
937 5809 1005 5863 ad
1046 5810 1244 5875 Titum,
1277 5818 1331 5864 et
1356 5810 1696 5866 hebdomade
1736 5811 1878 5867 obsi-

262 5910 444 5973 dionis
476 5919 619 5971 unai
653 5898 896 5971 meeClO
922 5904 1261 5977 septuaginta
1290 5914 1411 5963 sunt
1440 5898 1823 5963 hebdomadas.

1998 2014 2317 2073 prmeepero
2338 1999 2449 2055 illi.
2467 1999 2571 2066 Qui
2587 2001 2780 2053 autem
2798 1997 2960 2052 verba
2978 1996 3103 2065 ejus
3116 2011 3236 2067 qua
3255 1995 3512 2066 loquetur
3531 1996 3597 2049 in

2002 2090 2229 2144 nomine
2253 2102 2372 2143 meo
2385 2087 2583 2142 audire
2596 2086 2867 2150 noluerit,
2883 2100 2976 2155 ego
2989 2084 3142 2140 ultor
3153 2082 3596 2152 existam(Deut.

2000 2180 2182 2247 xvm).
2214 2174 2346 2246 Quis
2373 2181 2455 2230 est
2500 2181 2700 2242 autem,
2731 2188 2764 2229 ο
2801 2174 3029 2244 Moyses,
3061 2171 3181 2242 quis
3208 2178 3287 2225 est
3315 2170 3405 2225 ille
3434 2186 3596 2240 quem

1998 2273 2408 2331 dicitDominus
2434 2272 2667 2327 similem
2695 2270 2863 2342 Moysi
2907 2267 3290 2337 suscitandum,
3322 2274 3376 2325 et
3418 2268 3596 2340 ipsum

2000 2389 2114 2429 esse
2140 2370 2388 2443 praecipit
2413 2368 2740 2425 audiendum
2758 2369 2787 2421 ?

2070 2480 2315 2533 Movsas.
2346 2477 2541 2547 Utique
2573 2476 2642 2531 de
2667 2475 2826 2531 Josue
2847 2473 2958 2528 ﬁlio
2986 2474 3109 2529 Nun
3138 2471 3245 2528 dici
3273 2472 3462 2546 potuit,
3503 2472 3597 2544 qui

2002 2576 2123 2639 post
2150 2567 2368 2638 Moysen
2395 2572 2449 2620 et
2476 2565 2531 2619 in
2551 2564 2717 2635 ipsius
2744 2564 2863 2619 loco
2883 2560 3130 2619 surrexit.

2074 2674 2310 2728 Parcus.
2343 2671 2588 2728 Profecto
2617 2670 2684 2725 de
2711 2670 2871 2725 Josue
2907 2668 3229 2723 mullatenus
3255 2675 3432 2737 potest
3457 2682 3594 2723 esse.

2005 2762 2085 2817 De
2115 2778 2181 2816 eo
2225 2761 2425 2832 quippe
2471 2766 2714 2831 patenter
2760 2757 3035 2828 Scriptura
3072 2756 3324 2827 loquitur,
3361 2756 3497 2812 sicut
3540 2756 3598 2811 in

2003 2851 2097 2906 lib.
2131 2850 2352 2906 Numeri
2374 2849 2569 2921 legitur
2590 2867 2603 2903 :
2628 2847 2932 2919 Respondit
2953 2847 3155 2917 Moyses
3182 2846 3253 2900 ad
3271 2845 3563 2901 Dominum
3578 2863 3598 2899 :

2002 2939 2301 2995 Provideat
2325 2938 2594 2994 Dominus
2607 2937 2750 2991 Deus
2766 2935 3075 3008 spirituum
3087 2934 3271 2990 omnis
3290 2934 3484 2990 carnis
3505 2933 3600 2989 ho-

2001 3029 2239 3092 minem,
2260 3028 2357 3099 qui
2373 3028 2455 3082 sit
2479 3041 2650 3097 super
2682 3023 3112 3080 multitudinem
3134 3024 3300 3089 hanc,
3335 3025 3391 3078 et
3416 3024 3597 3096 possit

2002 3118 2164 3173 exire
2181 3120 2237 3171 et
2248 3117 2471 3171 intrare
2482 3116 2621 3169 ante
2634 3128 2746 3177 eos,
2765 3117 2821 3167 et
2835 3112 3077 3168 educere
3094 3112 3226 3167 illos
3243 3112 3326 3167 vel
3338 3111 3396 3165 in
3405 3110 3600 3168 tradu-

2003 3220 2152 3269 cere,
2164 3205 2323 3260 ncsit
2332 3204 2572 3276 populus
2590 3200 2816 3257 Domini
2828 3202 2978 3257 sicut
2993 3215 3117 3255 oves
3133 3200 3333 3272 absque
3345 3203 3531 3271 pastor
3543 3215 3597 3256 e.

2170 3317 2275 3374 que
2286 3298 2643 3358 Dominusad
2665 3314 2794 3354 eum
2811 3317 2829 3353 :
2850 3297 2996 3354 Tolle
3017 3297 3181 3353 Josue
3214 3296 3402 3365 ﬁlium
3439 3296 3592 3363 Nun,

1995 3391 2181 3446 uirum
2202 3392 2261 3447 in
2283 3406 2388 3462 quo
2407 3392 2490 3444 est
2511 3388 2771 3458 Spiritus
2791 3385 2911 3452 Dei,
2926 3389 2981 3441 et
3002 3400 3147 3457 pene
3167 3400 3407 3441 manum
3431 3388 3596 3441 tuam

1994 3495 2165 3551 super
2184 3495 2333 3535 eum.
2359 3479 2464 3547 Qui
2481 3475 2657 3532 stabit
2680 3491 2872 3531 coram
2893 3475 3164 3531 Eleazaro
3188 3472 3511 3541 sacerdote,
3535 3476 3596 3529 et

1992 3568 2151 3623 omni
2161 3566 2619 3630 multitudine,ct
2631 3564 2786 3620 dabis
2802 3563 2855 3620 ei
2867 3566 3151 3636 praecepta
3162 3561 3389 3618 cunctis
3407 3560 3596 3618 viden-

1994 3656 2224 3721 tibus,et
2241 3660 2459 3725 partem
2483 3653 2676 3724 gloria:
2692 3656 2890 3720 tule,et
2905 3650 3111 3707 audiat
3126 3666 3256 3706 eum
3268 3649 3452 3706 omnis
3464 3666 3594 3723 syn-

1990 3770 2165 3824 agoga
2196 3754 2451 3822 [Iliorum
2486 3752 2659 3807 Israel
2692 3751 2881 3820 (Nam.
2914 3750 3109 3819 xxvn).
3160 3749 3293 3804 Cum
3323 3763 3451 3803 vero
3482 3754 3591 3803 tam

1991 3850 2171 3914 aperte
2202 3842 2268 3896 de
2296 3842 2454 3896 Josue
2487 3840 2573 3895 hic
2616 3847 2826 3911 agatur,
2879 3854 2974 3893 cur
3013 3837 3106 3893 illa
3152 3837 3259 3892 alia
3304 3851 3425 3908 qua:
3454 3830 3592 3891 adeo

1989 3941 2171 3995 clausa
2216 3945 2298 3993 est
2338 3936 2638 4009 pr0phetia,
2685 3936 2779 3991 illa
2814 3935 3019 3990 scilicet
3060 3932 3365 4005 prophetia,
3401 3932 3590 3988 susci-

1992 4030 2133 4085 tabit
2182 4028 2283 4084 tibi
2325 4027 2596 4083 Dominus
2631 4025 2777 4081 Deus
2828 4028 2985 4089 tuus,
3016 4030 3069 4078 et
3110 4027 3335 4091 caetera;
3368 4036 3463 4076 cur
3508 4020 3589 4075 in-

1989 4142 2171 4196 quam,
2232 4124 2323 4179 illa
2371 4122 2438 4177 de
2494 4123 2611 4194 ipso
2656 4121 2800 4177 dicta
2846 4120 3229 4193 intelligatur?
3276 4116 3385 4174 Sed
3414 4127 3469 4173 et
3489 4133 3589 4188 per

1991 4216 2092 4269 hoc
2142 4213 2286 4283 quod
2333 4211 2528 4283 legitur
2567 4230 2580 4266 :
2625 4211 2780 4266 dabis
2823 4212 2877 4267 ei
2922 4213 3152 4282 partem
3192 4207 3391 4279 gloria:
3444 4210 3580 4271 tua,

1988 4319 2053 4359 ac
2092 4303 2137 4357 si
2178 4302 2381 4356 diceret
2416 4317 2523 4355 non
2575 4315 2791 4354 omnem
2837 4298 3067 4370 gloriam
3100 4305 3265 4364 tuam,
3300 4312 3397 4368 per
3442 4294 3588 4367 quod

1989 4392 2284 4446 ostenditur
2354 4388 2482 4460 quia
2553 4387 2743 4445 similis
2798 4386 2965 4457 Moysi
3029 4401 3139 4441 non
3195 4384 3371 4450 fuerit,
3428 4391 3482 4439 et
3527 4383 3585 4438 in

1989 4479 2093 4535 line
2113 4481 2395 4534 Deuteron.
2419 4496 2431 4532 :
2453 4477 2571 4533 Non
2591 4476 2848 4532 surrexit
2858 4475 3134 4547 propheta
3146 4475 3304 4530 ultra
3318 4474 3384 4529 in
3407 4473 3585 4530 Israel

1987 4569 2137 4625 sicut
2155 4568 2356 4640 Moyses
2390 4566 2576 4634 (Deut.
2600 4568 2814 4634 xxxrv);
2852 4579 2949 4635 per
2967 4565 3102 4630 haec,
3124 4562 3363 4631 inquam,
3396 4561 3581 4616 innui-

1991 4665 2073 4711 tur
2113 4656 2238 4727 quia
2267 4655 2332 4710 de
2361 4654 2521 4709 Josue
2567 4652 2767 4708 dictum
2814 4667 2923 4706 non
2980 4651 3048 4704 sit
3097 4649 3433 4707 :Suscitabit
3480 4649 3584 4706 tibi

1986 4757 2260 4811 Dominus
2281 4755 2426 4810 Deus
2447 4752 2738 4819 tuus,etc.,
2773 4764 2894 4804 cum
2925 4748 3163 4817 sequitur
3182 4748 3239 4801 in
3262 4747 3476 4815 eodem,
3506 4748 3582 4804 si-

1986 4851 2178 4909 milem
2200 4853 2307 4908 tui.
2341 4849 2448 4906 Sed
2484 4857 2537 4905 et
2581 4849 2733 4905 aliter
2758 4843 3315 4917 diﬁ‘erunt,pr0phetia
3334 4843 3426 4900 illa
3459 4860 3582 4914 quas

1988 4959 2066 5005 est
2090 4970 2102 5006 :
2125 4949 2432 5007 Suscitabit
2454 4947 2557 5004 tibi
2576 4945 2860 5010 Dominus,
2888 4952 3013 5011 etc.,
3036 4950 3090 4998 ct
3110 4958 3176 4997 ea
3195 4958 3316 5011 qua:
3334 4941 3401 4996 de
3418 4942 3579 4997 Josue

1986 5048 2296 5102 suntdicta.
2346 5048 2408 5100 In
2450 5045 2543 5099 illa
2569 5059 2801 5114 namque
2829 5040 3074 5106 habetur,
3124 5040 3225 5113 qui
3234 5086 3239 5099 .
3260 5039 3425 5096 verba
3455 5039 3580 5111 ejus

1986 5136 2186 5192 audire
2201 5136 2453 5192 noluerit
2471 5149 2566 5206 ego
2586 5133 2742 5189 ultor
2753 5130 3021 5196 existam,
3043 5127 3110 5184 de
3125 5128 3286 5184 Josue
3300 5142 3430 5183 vero
3450 5124 3579 5200 legi-

1987 5234 2192 5306 tur,qui
2207 5249 2312 5289 con
2320 5231 2627 5288 tradixerit
2642 5230 2730 5291 ori
2747 5231 2929 5295 tuo,et
2948 5242 3068 5283 non
3077 5225 3344 5285 obedierit
3354 5225 3581 5282 cunctis

1985 5331 2337 5387 sermonibus
2352 5345 2487 5402 quos
2499 5327 2832 5401 praeceperis
2845 5325 3105 5395 ei,morte
3121 5325 3582 5382 moriatur.Patet

1988 5428 2151 5500 igitur
2177 5426 2430 5482 omnibus
2466 5425 2664 5493 modis,
2704 5423 2833 5494 quia
2876 5422 3158 5495 prophetia
3188 5422 3283 5478 illa
3321 5421 3393 5478 de
3417 5423 3581 5479 Iosue

1986 5540 2095 5579 non
2124 5530 2204 5579 est
2232 5522 2456 5595 prolata.

2057 5622 2300 5676 Movses.
2334 5618 2414 5673 De
2442 5632 2549 5688 quo
2572 5632 2702 5689 ergo
2731 5618 2761 5672 ?

2058 5719 2293 5772 Parens.
2326 5715 2406 5770 De
2452 5715 2679 5783 Christo,
2739 5714 2831 5785 qui
2859 5714 3028 5786 Moysi
3076 5714 3265 5771 similis
3304 5714 3423 5784 fuit,
3454 5714 3581 5785 quia

1984 5813 2119 5868 sicut
2145 5813 2357 5883 Moysus
2386 5818 2438 5866 et
2465 5810 2577 5882 ipse
2608 5809 2785 5881 legem
2814 5810 2987 5864 dedit.

2053 5908 2297 5964 MOYSEB.
2347 5907 2505 5963 Nunc
2548 5906 2727 5978 itaque
2773 5905 3013 5979 singulas
3059 5903 3355 5979 prephetim
3400 5911 3552 5977 parte
