3966 6426
433 353 538 422 ἑὲἹ

1388 355 1593 413 PETRI
1631 356 1975 438 ALPIIONSI
2014 359 2112 424 EX
2148 359 2392 422 ιυωεο
2433 363 2832 422 CIIRISTIANI

3637 374 3742 439 δῖε

432 476 680 550 estsatis.
1013 481 1294 552 enisus-sas
1322 483 1408 544 ’θα
1457 482 1637 558 ipsum
1672 483 1847 555 possis
1871 481 2043 561 appli-
2067 483 2128 550 Α
2158 489 2266 549 rei.
2298 487 2536 548 Christus
2563 489 2764 570 quippe
2794 491 2970 566 legem
2993 509 3113 578 qua:
3133 493 3309 554 clausa
3327 502 3440 554 erat
3458 503 3510 558 et
3537 504 3743 576 Opem,

433 591 584 638 esse.

504 667 740 730 Passus.
774 669 1063 738 Prophetia
1107 667 1328 738 quidem
1371 667 1471 730 ista
1513 667 1756 740 petitioni
1804 667 2036 738 ﬁliorum

433 759 600 830 lanci
627 761 936 831 respondet.
983 762 1252 823 Petierunt
1295 761 1462 827 enim,
1492 761 1629 820 sicut
1673 761 1934 832 scriptum
1962 771 2042 820 est

436 857 635 926 (Exod.
669 861 786 928 xx),
829 857 885 923 in
930 865 1113 922 manta
1143 857 1309 926 Oreb,
1342 875 1408 914 ne
1441 858 1578 926 ultra
1605 874 1796 915 vocem
1822 859 2039 918 Domini

435 951 717 1016 vistbiliter
743 953 1010 1022 audirent,
1059 962 1150 1010 aut
1193 963 1396 1011 tantum
1447 955 1630 1028 ignem
1661 972 1732 1012 ne
1772 971 2045 1014 moreren-

434 1057 517 1106 tur
556 1052 874 1122 aspicerent.
925 1054 1119 1110 Contra
1150 1053 1292 1124 quod
1333 1052 1464 1108 dicit
1494 1054 1758 1112 Dominus
1799 1053 1866 1108 ad
1897 1056 2044 1124 loy-

433 1161 527 1204 sen
557 1140 742 1213 (Deut.
769 1149 924 1218 svnt)
953 1167 964 1204 :
992 1151 1332 1222 Propheta»:
1361 1149 1644 1208 suscitabo
1659 1149 1740 1206 eis
1768 1165 1836 1205 ca
1857 1150 2042 1207 medio

432 1249 684 1318 fratrum
720 1261 954 1303 suorum
1004 1247 1256 1303 similam
1291 1249 1420 1302 tui:
1470 1248 1623 1317 quasi
1669 1247 1908 1302 (ﬁnisset:
1943 1248 2039 1304 Ille

430 1343 588 1414 quem
609 1343 895 1411 suscitabo,
928 1345 996 1399 de
1027 1345 1265 1416 ipsorum
1287 1345 1388 1399 erit
1417 1345 1678 1418 progenie
1705 1345 2034 1408 ludentum,

431 1439 526 1496 sed
557 1449 608 1495 et
628 1443 701 1496 tui
733 1442 922 1496 similis
951 1441 1070 1509 erit,
1102 1444 1205 1499 hoc
1234 1449 1333 1510 est,
1365 1441 1500 1497 sicut
1531 1450 1584 1496 tu
1617 1442 1793 1514 legem
1823 1443 2036 1509 dedisti,

433 1537 505 1593 ita
543 1545 595 1593 et
624 1536 739 1622 ipse
767 1538 937 1606 dabit,
969 1537 1112 1610 quod
1154 1539 1318 1594 etiam
1348 1555 1447 1610 per
1495 1539 1594 1594 hoc
1625 1547 1854 1605 notatur,
1896 1539 2038 1610 quod

431 1626 765 1702 prophetam
809 1627 1153 1696 singulariter
1181 1635 1234 1683 et
1274 1644 1370 1700 per
1419 1628 1792 1683 excellentiam
1841 1628 2037 1698 posuit.

431 1711 546 1770 Nisi
575 1715 720 1770 enim
751 1723 802 1772 et
831 1716 944 1788 ipse
974 1715 1152 1790 legem
1175 1716 1402 1772 daturus
1421 1717 1875 1788 esset,prophetas
1889 1729 2038 1780 sane,

434 1819 541 1902 non
559 1803 897 1902 prophetam
919 1805 1224 1871 suscitabo,
1250 1805 1490 1902 dixisset.
1515 1806 1822 1902 Prophetas
1838 1805 2038 1902 quippe
2068 1841 2120 1902 Β

432 1891 614 1966 plures
632 1893 908 1948 suscitavit
928 1895 1090 1962 Deus,
1117 1894 1206 1964 qui
1231 1894 1681 1949 annuntiaverunt
1710 1893 1877 1948 verba
1899 1893 2034 1963 ejus,

429 1989 523 2044 sed
555 1989 729 2046 nullus
755 2005 941 2046 eorum
961 1991 1138 2064 legem
1160 1989 1307 2046 dedit
1329 1989 1396 2046 ad
1415 1990 1822 2046 similitudinem
1845 1990 2033 2060 Moysi,

429 2078 528 2134 nisi
560 2079 816 2142 Christus.
854 2081 926 2135 Et
961 2095 1168 2153 ponam
1195 2080 1354 2136 verba
1379 2095 1503 2136 mea
1526 2081 1588 2135 tu
1617 2094 1710 2135 ore
1732 2080 1871 2151 ejus,
1892 2079 2035 2148 quod

428 2173 526 2235 est,
559 2168 684 2238 quia
714 2165 864 2224 vocis
881 2185 1018 2224 meae
1049 2169 1310 2242 impetum
1350 2174 1618 2245 nequeunt
1669 2168 1914 2235 tolerare,
1940 2183 2037 2238 per

400 2253 602 2328 'ipsum
633 2255 824 2328 loquar
851 2257 928 2313 eis
968 2257 1068 2312 sub
1097 2255 1272 2312 carnis
1317 2257 1606 2312 velamine.
1648 2257 1927 2330 Loquatur
1951 2257 2033 2312 ad

425 2369 518 2410 eos
543 2355 737 2410 omnia
759 2370 883 2426 quae
903 2370 1220 2427 practpcro
1246 2354 1358 2410 illi.
1395 2355 1468 2409 Ac
1496 2353 1539 2408 si
1571 2362 1754 2424 armi-te
1783 2353 1984 2410 diceret
2015 2371 2027 2407 :

401 2433 627 2506 ῬΙ-ωερε·
655 2450 712 2505 id
757 2451 901 2521 quod
949 2452 1130 2506 volam
1161 2459 1213 2505 et
1255 2451 1588 2523 principium,
1631 2451 1764 2506 nihil
1812 2450 2032 2505 omnino

422 2539 602 2594 dicet:
651 2538 758 2606 Qui
793 2541 992 2595 (autem
1026 2538 1192 2595 verba
1220 2541 1342 2611 ejus
1376 2553 1499 2613 qua:
1539 2541 1801 2612 loquatur
1838 2540 1903 2594 in
1937 2555 2032 2594 no-

422 2637 578 2692 mine
615 2649 743 2696 meo
764 2637 967 2693 audire
1011 2637 1288 2704 noluerit,
1326 2651 1424 2709 ego
1460 2638 1618 2694 ultor
1651 2637 1925 2700 existant,
1979 2636 2030 2690 id

419 2741 518 2800 est,
569 2733 660 2804 qui
699 2734 985 2804 prmccptis
1029 2733 1148 2803 ejus
1196 2749 1383 2805 parere
1430 2733 1684 2798 reniterit,
1731 2749 1837 2791 non
1875 2732 2026 2788 occi-

417 2825 590 2896 detur,
642 2842 741 2884 nec
795 2829 902 2885 alio
960 2829 1123 2885 modo
1175 2829 1460 2885 carnaliter
1488 2829 1755 2901 punietur,
1786 2828 1879 2882 sed
1927 2841 2030 2898 ego

415 2915 529 2988 ipse
559 2917 717 2989 juxta
756 2917 1010 2988 placitum
1061 2935 1240 2974 meum
1283 2917 1699 2973 misericorditer
1742 2917 2030 2972 vimlicabo

414 3015 472 3069 in
499 3013 697 3086 ipsum.
727 3013 859 3070 Cum
895 3014 1058 3087 igitur
1085 3017 1322 3072 Christus
1341 3021 1394 3070 et
1420 3016 1488 3072 de
1527 3013 1834 3070 Iudaeorum
1869 3022 2030 3068 natus

411 3093 694 3196 progenie,
729 3117 782 3167 et
810 3119 1065 3184 tanquam
1117 3115 1326 3184 Moyses
1371 3111 1646 3186 legislator
1681 3111 1942 3167 exstiterit
1973 3125 2030 3164 es

393 3199 644 3270 'Verbum
679 3201 775 3270 Dei
805 3199 906 3256 sub
941 3201 1058 3272 ejus
1087 3199 1264 3257 carnis
1308 3199 1578 3258 velamme
1625 3200 1855 3263 latuerit.
1891 3199 2026 3254 nihil

411 3305 516 3360 que
546 3287 691 3345 aliud
720 3305 882 3361 quam
915 3291 1170 3366 praecepit
1202 3291 1342 3346 Deus
1385 3289 1561 3356 Pater,
1595 3290 1709 3360 ipse
1753 3289 2016 3354 docuerit,

415 3379 533 3450 ipso
575 3387 855 3434 attestante
900 3379 954 3433 in
1001 3375 1298 3451 Evangelio
1329 3387 1382 3434 et
1409 3377 1655 3434 dicente:
1692 3379 2017 3435 Sermonem

413 3483 576 3544 quem
596 3467 994 3536 audtstis,non
1015 3473 1102 3526 est
1135 3485 1314 3537 meus,
1332 3467 1430 3524 sed
1457 3469 1579 3540 ejus
1615 3470 1715 3542 qui
1738 3469 1895 3524 misit
1924 3483 2014 3522 mc

388 3557 804 3635 'Patrionan.
834 3569 956 3638 xu),
992 3581 1115 3621 cum
1145 3565 1260 3638 ipse
1300 3563 1504 3633 nullum
1536 3563 1708 3619 occidi
1750 3564 1836 3619 vel
1884 3577 2012 3619 cor-

408 3659 666 3732 poraliter
693 3661 867 3738 puniri
905 3661 1153 3730 voluerit,
1175 3641 1280 3715 'sed
1311 3660 1735 3716 misericordiam
1769 3676 1866 3732 per
1885 3675 2011 3715 om-

405 3749 497 3806 nia
525 3749 916 3821 praedicaverit,
965 3749 1210 3822 profecto
1258 3748 1391 3804 nihil
1421 3747 1598 3806 obstat
1645 3749 1773 3828 quin
1805 3757 1914 3804 tota
1944 3749 2010 3804 de

413 3835 530 3910 ipso
562 3837 846 3910 prephetla
873 3837 1018 3894 dicta
1049 3837 1228 3894 fuerit.

480 3953 722 4021 Marsus.
769 3951 962 4018 Adhuc
998 3960 1163 4024 restat
1204 3969 1394 4027 unum,
1441 3951 1509 4009 de
1557 3969 1664 4028 quo
1711 3953 1844 4016 mihi
1886 3953 2014 4010 volo

389 4052 758 4126 respondeas.
801 4054 935 4115 Cum
965 4051 1112 4110 enim
1155 4051 1415 4121 Christus,
1446 4059 1504 4108 ut
1540 4051 1733 4120 credis,
1771 4053 1916 4110 Deus
1943 4053 2014 4107 si-

399 4139 522 4224 mul
549 4147 604 4204 et
630 4141 794 4204 homo
818 4137 996 4214 fuerit,
1019 4140 1295 4218 quomodo
1323 4155 1447 4196 eum
1475 4143 1796 4218 prophetam
1829 4141 2014 4220 appet-

468 4236 545 4294 vit
563 4238 594 4293 ’ἲ

468 4236 524 4294 vi
563 4238 594 4293 ’ἲ

411 4236 723 4404 ιιιΡξςτιψει.
753 4325 1035 4386 Εςιίῐηωιθ
1081 4325 1281 4387 videris
1329 4325 1474 4398 quod
1524 4329 1787 4402 prepheta
1815 4327 2016 4384 solum-

409 4415 574 4478 modo
619 4414 855 4474 hominis
875 4431 1074 4477 nomen
1093 4417 1181 4488 sit,
1213 4416 1308 4474 sed
1351 4432 1713 4490 nequaquam,
1757 4416 1868 4476 imo
1889 4433 2016 4490 pro-

2145 587 2200 640 at
2227 581 2366 644 inter
2392 584 2610 644 indutos
2641 594 2864 656 tantum,
2909 589 3149 668 protulit,
3199 590 3254 648 id
3299 598 3380 647 est
3422 592 3742 662 enueleavit,

2147 677 2418 750 patefecit,
2449 688 2504 742 et
2527 681 2818 741 medullam
2841 684 3048 751 elicuit;
3077 685 3146 742 ad
3177 689 3278 748 hoc
3306 696 3361 745 ut
3379 697 3571 764 gentes
3597 691 3744 746 illam

2148 776 2366 843 possent
2384 770 2646 846 accipere.
2678 771 2947 845 Sequitur.
2965 791 3083 834 non
3103 776 3393 849 clamabit,
3415 794 3518 838 nco
3535 780 3737 840 exaltu

2148 861 2323 932 bitur,
2345 869 2448 922 aut
2461 867 2882 942 audietur/bris
2901 873 3162 943 majus.
3179 874 3245 934 Et
3269 890 3366 938 nos
3377 876 3734 946 scimusquia-

2149 965 2388 1024 Christus
2434 985 2544 1028 non
2587 972 2874 1042 clamosus,
2927 991 3036 1033 non
3082 991 3361 1048 arrogans,
3421 994 3529 1034 non
3568 979 3741 1034 inanis

2147 1064 2338 1136 gloriae
2366 1069 2635 1138 appetitor
2661 1069 2762 1126 fuit
2789 1073 2972 1140 (Jonas.
2993 1089 3126 1143 xm;
3160 1075 3354 1132 Matth.
3392 1079 3473 1147 ιι),
3506 1078 3614 1133 imo
3644 1096 3740 1133 su-

2149 1177 2248 1232 per
2272 1164 2455 1221 omnia
2485 1165 2841 1222 humilitatem
2863 1169 3383 1229 dileﬂtﬂalamum
3405 1181 3744 1248 quassatum

2148 1265 2269 1305 non
2291 1256 2566 1318 conteret,
2585 1257 2640 1308 at
2657 1256 2912 1314 Italicum
2931 1260 3226 1329 fumtgnm
3240 1277 3352 1317 non
3374 1265 3727 1333 exstinguat.

2149 1347 2404 1403 Videmus
2431 1365 2559 1405 sane
2588 1351 2732 1421 quod
2758 1353 2998 1408 calamus
3033 1363 3311 1426 quassatus
3355 1359 3542 1414 leviter
3569 1369 3742 1432 potest

2150 1436 2447 1509 periringi:
2499 1437 2736 1494 iiclmum
2785 1449 2964 1496 autem
3015 1443 3306 1522 fumigans,
3359 1447 3412 1501 id
3449 1455 3528 1502 est
3575 1449 3743 1505 linum

2149 1526 2507 1592 combustum,
2541 1528 2634 1582 sed
2681 1537 2862 1586 tamen
2908 1531 3082 1588 adhuc
3119 1533 3354 1589 retinens
3402 1535 3551 1600 fumi,
3582 1535 3635 1592 id
3665 1547 3748 1594 est

2151 1615 2312 1687 ignis,
2363 1616 2718 1686 perfacillime
2764 1629 2940 1690 potest
2986 1623 3278 1696 exstingui.
3327 1625 3435 1680 Sed
3473 1627 3602 1696 quid
3647 1643 3748 1698 per

2149 1704 2422 1760 calamum
2449 1714 2777 1776 quassatum,
2819 1710 2905 1764 vel
2933 1709 3170 1768 licbnum
3217 1728 3358 1783 pane
3401 1717 3742 1783 exstinctum,

2151 1793 2346 1849 melius
2371 1809 2534 1863 quam
2577 1797 2876 1866 peccatoris
2913 1799 3198 1872 fragilitas,
3232 1802 3322 1872 qui
3362 1812 3746 1874 conquassatus

2149 1895 2201 1948 at
2225 1903 2365 1959 pene
2395 1891 2451 1946 in
2480 1901 2701 1963 peccato
2748 1903 2828 1950 est
2871 1897 3182 1965 exstinctus,
3234 1906 3406 1970 potest
3437 1901 3745 1974 intelligit?

2146 1979 2425 2036 Calamam
2456 1990 2635 2036 autem
2684 1992 2992 2054 quassatum
3041 1988 3282 2044 Christus
3322 2003 3430 2046 non
3473 1991 3739 2060 contrivit,

2145 2076 2198 2122 et
2225 2068 2463 2129 lichnuln
2510 2070 2786 2146 fumigans
2823 2089 2930 2130 non
2960 2077 3231 2144 exstinxit,
3263 2079 3390 2148 quia
3436 2088 3742 2152 peccatores

2144 2179 2282 2238 pene
2309 2175 2549 2222 mortuos
2576 2168 2631 2223 in
2661 2173 2912 2240 peccatis,
2963 2171 3133 2228 occidi
3181 2189 3290 2228 non
3326 2175 3598 2248 praecepit,
3644 2177 3740 2232 sed

2143 2255 2560 2311 misericorditer
2605 2259 2854 2320 toleravit
2897 2262 3119 2328 (Matth.
3161 2267 3262 2332 ιιι),
3294 2272 3346 2318 et
3377 2265 3446 2319 ad
3475 2265 3739 2334 poeniten-

2144 2344 2271 2398 tiam
2300 2347 2573 2400 revocavit
2593 2348 2816 2412 (Nostis.
2841 2352 2938 2419 χι),
2958 2351 3101 2420 quod
3123 2359 3176 2406 et
3203 2353 3256 2406 in
3285 2355 3734 2436 consequentibus

2141 2441 2446 2518 designavit
2475 2445 2737 2516 propinata
2767 2461 2886 2500 cum
2919 2447 3123 2503 addidit
3147 2468 3160 2504 :
3185 2449 3255 2504 In
3276 2451 3518 2506 veritate
3537 2452 3734 2519 educet

2133 2531 2440 2602 judicium.
2491 2533 2698 2588 Veritas
2743 2535 2945 2605 quippe
2992 2543 3046 2592 et
3077 2538 3304 2608 justitia,
3346 2539 3488 2594 idem
3534 2549 3634 2595 est.
3675 2544 3737 2596 In

2143 2619 2263 2690 lege
2308 2635 2438 2675 vero
2477 2622 2644 2693 Moysi
2679 2623 2942 2700 judicium
2977 2635 3092 2682 erat
3136 2636 3188 2682 et
3228 2637 3578 2698 praeceptum,
3614 2647 3737 2701 pec-

2140 2715 2377 2763 catorem
2425 2710 2615 2764 occidi.
2681 2713 2920 2768 Christus
2979 2723 3158 2771 autem
3215 2715 3284 2772 ad
3332 2718 3608 2774 veritatem
3683 2728 3736 2775 et

2135 2795 2397 2865 justitiam
2421 2797 2684 2868 judicium
2733 2801 2974 2870 adduxit,
3023 2803 3238 2873 quando
3277 2815 3583 2878 peccatores
3625 2824 3734 2863 non

2141 2886 2334 2954 occidi,
2365 2887 2460 2942 sed
2489 2889 2634 2957 quod
2657 2887 2854 2959 justius
2881 2899 2980 2956 est,
3022 2893 3195 2949 donec
3231 2895 3554 2965 poeniterent
3580 2897 3735 2950 susti-

2141 2974 2254 3028 neri
2302 2977 2576 3046 praaoepit,
2620 2993 2740 3032 cuin
2763 2978 2926 3034 dixit:
2955 2981 3088 3037 Noto
3127 2987 3367 3039 mortem
3401 2987 3730 3056 peccatoris,

2139 3063 2233 3120 sed
2252 3066 2428 3136 magis
2443 3069 2509 3123 ut
2523 3071 2892 3132 convertatur
2905 3073 2962 3124 at
2983 3068 3130 3125 uiuat
3151 3075 3168 3132 (
3177 3071 3371 3127 Euseb.
3395 3074 3733 3142 xxxni).Non

2057 3190 2106 3262 β
2137 3161 2475 3262 deﬂaictaut
2493 3163 2744 3262 effugiet,
2769 3165 2944 3262 donec
2970 3170 3225 3239 ponatin
3250 3172 3406 3226 terra
3423 3169 3728 3241 judicium.

2135 3250 2358 3305 Mortem
2389 3266 2518 3306 sane
2549 3253 2740 3308 Christi
2771 3253 2940 3310 voluit
2967 3257 3229 3328 propheta
3257 3258 3428 3314 notari
3451 3275 3548 3330 per
3573 3259 3732 3314 dci‘e-

2135 3353 2302 3413 ctum,
2337 3361 2439 3418 per
2466 3346 2727 3420 effugium
2765 3366 2895 3408 vero
2943 3367 3225 3409 ascensum
3264 3355 3382 3425 ejus
3426 3356 3482 3410 in
3510 3357 3726 3413 omium.

2129 3438 2204 3491 Ac
2231 3435 2275 3490 si
2304 3435 2531 3494 diceret:
2579 3439 2705 3496 Non
2759 3441 3018 3496 morietur
3060 3450 3152 3498 aut
3201 3443 3270 3498 de
3322 3452 3462 3500 terra
3496 3446 3727 3516 recedet,

2130 3523 2186 3580 id
2206 3532 2286 3580 est
2313 3524 2368 3582 in
2387 3525 2585 3587 omium
2619 3528 2889 3596 ascendet,
2909 3529 3082 3589 donec
3101 3532 3277 3590 mittat
3294 3533 3472 3604 legem
3493 3535 3547 3590 in
3567 3543 3726 3606 terra.

2129 3622 2196 3677 Et
2248 3624 2486 3685 Christus
2531 3625 2749 3696 quidem
2815 3636 3103 3699 antequam
3166 3633 3460 3688 secundum
3510 3649 3727 3690 carnem

2125 3718 2318 3785 obiret,
2351 3729 2442 3777 aut
2468 3722 2535 3776 ad
2567 3723 2777 3780 Patrem
2810 3724 2864 3779 in
2891 3726 3087 3780 coelum
3119 3727 3448 3790 ascenderet.
3463 3729 3726 3800 judicium

2126 3807 2351 3866 interra
2378 3811 2574 3882 posuit,
2605 3813 2824 3883 quando
2868 3815 3066 3886 legem,
3117 3816 3170 3869 id
3227 3825 3307 3872 est
3351 3819 3726 3890 Evangelium,

2123 3897 2282 3958 nobis
2324 3899 2491 3962 dedit.
2524 3900 2654 3961 Ideo
2705 3911 2886 3964 autem
2927 3920 3268 3975 nequaquam
3305 3922 3414 3966 non
3451 3909 3728 3978 morietur,

2121 3987 2604 4060 mdnondoficist
2641 3991 2796 4057 dixit.
2831 3993 2960 4062 quia
2989 4008 3136 4052 mors
3181 3995 3374 4052 Christi
3407 4011 3516 4052 non
3544 4013 3732 4052 revera

2123 4091 2289 4146 mors,
2346 4077 2442 4134 sed
2497 4079 2647 4149 quasi
2705 4082 2953 4144 transitus
2998 4082 3216 4152 quidam
3247 4084 3566 4147 etdei’ectus
3611 4086 3728 4148 fuit.

2123 4163 2228 4238 Qui
2257 4165 2400 4225 enim
2432 4167 2656 4225 moritur
2683 4170 2846 4226 homo
2875 4171 3107 4245 amplius
3134 4172 3250 4243 jam
3282 4189 3388 4239 non
3408 4174 3558 4238 vivit.
3583 4175 3732 4232 Chri-

2122 4261 2234 4312 stus
2261 4262 2441 4312 autem
2469 4255 2556 4314 die
2587 4257 2739 4318 tertia
2767 4260 3058 4323 resurrexit
3109 4267 3162 4316 et
3201 4261 3318 4332 jam
3367 4263 3422 4320 in
3454 4271 3732 4326 aiternum-

2125 4351 2311 4422 (Joan.
2335 4356 2454 4424 XIII)
2483 4353 2634 4423 vivit,
2656 4359 2712 4412 et
2735 4356 2910 4428 legem
2925 4359 3047 4430 ejus
3067 4359 3276 4416 insula:
3296 4362 3727 4440 exspectabant.

2126 4441 2228 4498 Per
2253 4441 2455 4502 insulas
2507 4452 2698 4516 gentes
2733 4445 3048 4517 accipimus.
3109 4449 3312 4520 Legem
3364 4458 3540 4508 cutem
3571 4451 3730 4514 Chri-

397 4507 574 4574 .pheta
610 4503 912 4581 appellatur
940 4504 1181 4580 quisquis
1207 4521 1273 4562 ea
1301 4521 1421 4578 quae
1452 4521 1612 4583 porro
1635 4514 1757 4562 sunt
1794 4514 2017 4564 ventura

2136 4528 2195 4588 sti
2249 4538 2440 4604 gentes
2489 4503 2884 4606 evxspectaruni,
2931 4503 3070 4608 quia
3113 4503 3226 4594 non
3389 4503 3540 4612 ipso,

412 4600 620 4669 edatur.
653 4602 715 4658 In
729 4600 872 4657 Isaia
887 4617 1102 4672 quoque
1115 4601 1193 4662 sic
1207 4602 1405 4679 legitur
1427 4622 1438 4658 :
1467 4605 1601 4660 Ecca
1627 4619 1824 4662 servus
1837 4620 2016 4672 nscas,

391 4749 398 4754 ,
417 4691 639 4770 suscepi
651 4706 803 4752 sum.
817 4690 1032 4749 electus
1043 4692 1575 4768 meus,complacuit
1586 4692 1691 4754 sibi
1707 4693 1769 4748 in
1783 4693 1885 4748 illo
1896 4695 2024 4750 ani-

391 4796 514 4848 .ma
529 4795 675 4844 nisa.
691 4779 828 4840 Dedi
845 4780 1121 4850 spiritum
1143 4795 1332 4838 meum
1360 4796 1533 4852 super
1567 4797 1718 4849 cuni,
1733 4781 2022 4856 judicium

415 4867 677 4942 gentibus
692 4868 949 4942 proferet
978 4865 1097 4924 Non
1115 4867 1516 4932 clamabitmcc
1538 4869 2021 4936 exaltabiturmut

418 4953 688 5024 audietur
706 4951 849 5023 foris
894 4967 1006 5008 vos:
1055 4954 1204 5023 ejus.
1231 4950 1530 5008 Calamam
1556 4955 1882 5025 quassatum
1906 4971 2024 5010 non

420 5038 762 5107 conterebat
783 5039 1041 5108 lichnum
1052 5040 1348 5110 fumigans
1363 5055 1476 5096 non
1488 5043 1818 5113 exstinguat
1829 5043 1888 5098 in
1909 5045 2027 5101 veri

424 5133 542 5186 tate
549 5125 838 5200 judicium
851 5126 1196 5195 cducct,non
1218 5126 1442 5199 deﬁciet
1458 5133 1562 5185 aut
1577 5130 1826 5201 effugiet,
1847 5129 2024 5189 donec

417 5219 594 5294 ponat
609 5218 672 5273 in
690 5221 847 5274 terra
857 5217 1232 5290 judicium,“
1250 5220 1428 5289 togam
1445 5219 1568 5288 ejus
1579 5220 1787 5276 insula;
1799 5236 2028 5292 nspec-

415 5306 763 5376 tubuntUsa.
796 5309 950 5376 sail).
981 5302 1088 5364 Sed
1117 5308 1344 5374 ethunc,
1367 5322 1402 5363 ο
1432 5309 1660 5379 Itoyscs,
1684 5309 2022 5381 prophetiam

421 5397 671 5466 adquam
691 5395 886 5452 melius
921 5409 1086 5467 quam
1128 5395 1198 5453 ad
1231 5395 1499 5466 Chr-istum
1539 5396 1814 5466 applicare
1836 5413 2024 5469 possu-

417 5484 584 5538 mus?
614 5482 728 5552 ipse
755 5499 988 5553 namque
1018 5491 1072 5538 et
1095 5483 1193 5538 Dei
1210 5500 1414 5550 servus,
1447 5492 1500 5540 et
1524 5485 1726 5551 electus
1756 5486 1854 5546 fuit
1881 5485 2028 5556 ejus,

419 5572 473 5626 in
503 5587 608 5641 quo
639 5571 967 5640 complacuit
1001 5571 1103 5626 sibi
1145 5573 1310 5630 Deus.
1359 5574 1428 5634 Et
1461 5574 1563 5630 hoc
1608 5569 1827 5654 quide
1857 5575 1924 5632 de
1955 5591 2021 5630 eo

417 5659 618 5717 dictum
643 5667 729 5716 est
751 5661 1045 5719 secundum
1089 5675 1304 5733 corpus.
1348 5661 1507 5733 Quod
1539 5671 1717 5720 autem
1757 5664 2016 5734 sequitur,

417 5747 544 5804 dedi
563 5749 828 5818 spiritum
852 5763 1035 5804 meum
1051 5765 1221 5823 super
1256 5765 1406 5820 curn,
1449 5751 1746 5806 secundum
1777 5753 2015 5812 animam

419 5845 497 5892 est
525 5839 812 5912 prolatum.
831 5834 1139 5903 Iudicium,
1163 5837 1216 5890 id
1234 5847 1310 5893 est
1333 5838 1531 5914 legem,
1553 5843 1812 5914 gentibus
1824 5849 2015 5916 pro/c-

2125 4625 2401 4699 discipulis
2449 4627 2587 4700 ejus,
2648 4629 2701 4684 id
2758 4637 2839 4686 est
2875 4630 2946 4688 ab
3003 4633 3261 4702 apostolis
3317 4649 3438 4698 eam
3497 4650 3732 4714 accepe-

2125 4721 2274 4772 runt.
2311 4715 2499 4787 Neque
2527 4717 2671 4776 enim
2703 4717 2838 4789 ipse,
2883 4719 2996 4776 imo
3026 4721 3274 4792 apostoli,
3303 4722 3556 4794 gentibus
3584 4739 3728 4796 prae-

2125 4802 2389 4862 dicarunt.
2442 4807 2574 4860 Item
2606 4807 2660 4860 in
2715 4807 2888 4868 Isaia:
2933 4809 3040 4879 Ego
3070 4809 3343 4878 Dominus
3374 4813 3559 4874 vocavi
3581 4817 3635 4866 te
3668 4812 3730 4868 in

2120 4904 2376 4978 justitia,
2399 4907 2456 4960 et
2467 4904 3064 4978 apprclscndimanum
3091 4910 3267 4978 tuam,
3283 4912 3338 4963 et
3355 4909 3568 4964 servavi
3593 4914 3730 4970 ιιι.ιέ

2129 4992 2258 5048 dedi
2274 4996 2328 5048 tc
2345 4992 2405 5048 in
2416 4993 2598 5070 [rudus
2607 4994 2824 5066 pepuli,
2843 4993 2901 5052 in
2919 4995 3102 5050 lucem
3115 4995 3465 5068 gentium,th
3477 4997 3730 5070 aperires

2129 5090 2318 5160 oculos
2331 5106 2626 5158 meorum,
2650 5090 2982 5162 cteduccrcs
2999 5093 3065 5154 dc
3077 5095 3436 5154 conclusione
3453 5097 3728 5163 vinctum,

2129 5189 2197 5248 ,ιθ
2216 5185 2381 5254 domo
2397 5190 2642 5246 carceris
2661 5190 2919 5252 sedentes
2936 5191 2999 5252 in
3019 5193 3285 5258 tenebris.
3313 5195 3418 5266 Ego
3436 5193 3727 5256 horninur:

2131 5288 2231 5360 hoc
2241 5292 2326 5348 est
2346 5304 2553 5356 nomen
2565 5305 2754 5354 mrum
2769 5291 3037 5362 :gloriam
3049 5309 3235 5360 meum
3246 5293 3415 5362 alteri
3429 5311 3542 5350 non
3560 5295 3694 5358 dabo
3710 5337 3723 5363 ,

2130 5381 2187 5440 ct
2204 5377 2423 5448 totidem
2447 5393 2637 5434 meam
2665 5379 3029 5456 sculptilibus
3049 5381 3186 5450 (15a.
3202 5385 3353 5454 xui).
3388 5383 3455 5441 Et
3478 5385 3577 5448 hoc
3599 5399 3728 5461 quo-

2130 5491 2232 5544 que
2260 5474 2328 5532 de
2359 5475 2567 5536 Christo
2595 5478 2814 5550 protulit
2843 5479 3025 5536 Isaias.
3081 5469 3318 5544 Yocavit'
3337 5498 3568 5554 nutuque
3603 5499 3725 5540 eum

2133 5559 2392 5614 Dominus
2419 5557 2486 5612 de
2518 5567 2665 5624 utero
2718 5559 2948 5634 Virginis
2976 5561 3031 5628 in
3071 5562 3300 5634 justitia,
3338 5567 3440 5620 hoc
3483 5575 3578 5636 est,
3611 5567 3724 5624 sine

2131 5665 2347 5730 peccato
2378 5663 2432 5712 et
2457 5655 2632 5722 carnis
2660 5659 3129 5730 concupiscentia;
3162 5659 3230 5716 de
3261 5671 3460 5718 sancta:
3490 5671 3541 5718 et
3566 5664 3724 5733 justo:

2127 5741 2362 5816 Virginis
2390 5751 2546 5799 natus
2599 5751 2679 5800 est
2707 5747 2944 5801 Christus
3001 5765 3160 5804 carne
3215 5751 3414 5806 munda
3466 5753 3622 5818 (Luc,
3656 5767 3718 5821 l;

2124 5839 2236 5906 Isa,
2295 5844 2410 5914 vn).
2473 5841 2684 5896 illituum
2730 5842 2847 5916 ejus
2885 5844 3258 5915 apprehendit,
3317 5847 3460 5916 quml
3508 5849 3718 5922 signum
