3966 6406
264 398 361 456 629

1788 398 2097 461 DIALOGI.

3484 399 3590 459 830

277 526 724 600 estprotectionis
752 536 813 585 et
855 528 1164 602 patrocinii,
1212 536 1265 584 et
1309 530 1539 585 servavit
1587 547 1729 597 eum,
1761 538 1893 584 sicut
1923 532 1974 592 Α
2002 529 2106 584 illis
2138 524 2506 587 tantummodo
2536 524 2727 587 diebus
2747 540 2914 597 prope
2935 533 3017 583 est
3037 522 3181 582 Deus
3200 534 3251 581 et
3307 524 3592 594 invenitur,

281 616 343 671 de
366 632 527 671 manu
546 616 787 671 lierodis
804 617 993 672 adhuc
1032 619 1334 688 vagientem
1366 618 1577 689 eripuit,
1636 617 1686 672 in
1744 619 1897 691 .iigy-

286 713 431 778 ptum
450 704 601 760 duxit
624 722 689 759 ac
714 704 1178 777 reduxitwatth.
1203 708 1282 773 ιι),
1312 704 1377 760 de
1411 706 1655 760 manibus
1674 705 1891 761 Judmo-

290 810 405 849 rum
433 809 551 848 eum
591 793 842 864 lapidare
905 802 958 848 et
1013 793 1307 848 interﬁcere
1367 794 1657 849 volentium
1699 793 1894 865 saepius

292 880 783 951 liberavit(Luc.Iv
806 897 820 949 ;
844 883 1156 951 Joan.v1n),
1181 889 1234 936 et
1267 882 1319 935 in
1338 882 1455 936 aliis
1486 881 1894 937 adversitatibus

288 971 397 1024 suis
425 971 622 1035 multis,
653 970 775 1038 ejus
817 979 1000 1024 custos
1053 978 1103 1024 et
1132 977 1400 1042 protector
1455 970 1675 1025 exstitit.
1736 968 1893 1024 Dedit

288 1075 413 1114 eum
444 1058 705 1113 Dominus
736 1059 789 1112 in
825 1056 1002 1112 foedus
1018 1058 1201 1127 populi
1230 1057 1521 1121 lsraclitiei,
1572 1058 1791 1123 scilicet,
1838 1058 1889 1113 id

287 1156 370 1201 est
396 1147 464 1201 ad
483 1149 585 1201 hoc
612 1146 765 1200 dedit
793 1163 942 1211 eum,
975 1156 1034 1201 ut
1062 1147 1259 1217 populo
1292 1146 1456 1201 Israel
1507 1147 1643 1217 legis
1691 1146 1888 1199 verita-

286 1244 396 1289 tem
426 1234 748 1288 ostenderet.
786 1236 849 1289 Et
880 1235 934 1289 in
966 1236 1143 1291 lucem
1189 1235 1429 1306 gentium
1487 1235 1671 1305 (Joan.
1734 1244 1889 1302 xvm)

283 1323 439 1377 dedit
464 1339 587 1378 eum
638 1324 922 1390 Dominus,
975 1324 1099 1393 quia
1140 1332 1329 1393 gentes
1374 1324 1559 1378 relicto
1609 1339 1805 1386 errore,
1840 1330 1893 1374 et

284 1421 532 1488 expulsis
574 1420 809 1475 tenebris
829 1419 1217 1475 incredulitatis
1245 1434 1373 1485 suae,
1411 1418 1529 1474 luce
1558 1419 1693 1491 legis
1738 1419 1888 1473 Chri-

283 1509 353 1561 sti
385 1516 511 1561 sunt
538 1524 816 1578 respersae.
850 1508 921 1563 Et
949 1508 1125 1562 adhuc
1173 1509 1317 1561 misit
1362 1524 1506 1571 eum,
1558 1515 1613 1560 ut
1661 1508 1892 1577 aperiret

284 1596 484 1651 oculos
538 1612 804 1652 caecorum
846 1605 900 1653 et
955 1597 1205 1650 educeret
1256 1597 1324 1651 de
1376 1596 1721 1651 conclusione
1777 1596 1892 1649 vin-

282 1700 456 1757 etum,
490 1700 546 1747 et
587 1693 655 1747 de
712 1693 879 1747 domo
936 1694 1161 1748 carceris
1216 1694 1463 1747 sedentes
1517 1692 1569 1748 in
1626 1691 1879 1746 tenebris.

284 1783 357 1836 Et
388 1781 630 1836 Christus
684 1782 873 1836 oculos
921 1797 1187 1836 caecorum
1240 1782 1465 1852 aperuit.
1522 1796 1643 1835 cum
1703 1779 1890 1834 inﬁde-

285 1870 423 1924 lium
461 1869 626 1924 corda
682 1869 958 1941 patefecit,
987 1877 1040 1923 et
1077 1868 1299 1940 depulsa
1328 1868 1517 1923 umbra
1549 1868 1684 1938 legis
1712 1868 1891 1923 lumen
1922 1879 1977 1938 Β

284 1958 545 2013 ostendit.
578 1959 657 2011 De
686 1958 1036 2012 conclusione
1063 1957 1298 2011 vinctum
1330 1958 1533 2023 eduxit,
1582 1956 1705 2026 quia
1750 1956 1807 2011 in
1833 1974 1890 2010 se

285 2045 575 2103 credentes
603 2046 670 2100 de
699 2046 1010 2115 captivitate
1039 2046 1187 2099 omni
1208 2061 1376 2115 usque
1409 2045 1569 2100 hodie
1598 2046 1787 2099 liberat
1840 2053 1892 2099 et

287 2134 510 2191 emittit.
544 2134 742 2188 Eduxit
766 2134 931 2188 etiam
961 2134 1030 2187 de
1058 2133 1224 2188 domo
1270 2134 1500 2188 carceris
1543 2133 1789 2187 sedentes
1837 2132 1893 2187 in

292 2222 555 2287 tenebris,
583 2221 709 2289 quia
738 2236 835 2276 eos
865 2222 956 2291 qui
987 2221 1041 2275 in
1070 2220 1354 2275 tenebroso
1383 2236 1597 2275 carcere
1634 2220 1892 2275 teneban-

291 2317 379 2365 tur
433 2309 651 2375 inl'crni,
708 2308 1042 2365 descendens
1102 2310 1172 2367 ad
1225 2308 1427 2364 inferos
1479 2309 1593 2379 ipse
1640 2310 1888 2364 extraxit.

287 2398 538 2454 Gloriam
561 2406 616 2452 et
644 2398 861 2453 laudem
893 2414 1045 2453 suam
1076 2398 1228 2454 alteri
1259 2413 1419 2466 quam
1449 2398 1659 2452 Christo
1710 2398 1893 2452 Domi-

286 2502 394 2541 nus
416 2501 525 2543 non
542 2485 709 2554 dedit,
730 2487 859 2555 quia
878 2486 1131 2541 deitatem
1160 2502 1312 2541 suam
1369 2486 1500 2540 nulli
1547 2485 1638 2540 alii
1687 2485 1890 2540 homini

285 2599 533 2653 unquam
565 2584 822 2647 connivit,
858 2591 951 2638 aut
980 2583 1193 2638 Iaudem
1226 2590 1423 2639 tantum
1454 2582 1717 2639 attribuit.
1756 2585 1888 2637 Item

285 2672 476 2727 Isaias:
507 2671 754 2739 Quaerite
776 2671 1084 2728 Dominum
1105 2671 1241 2727 dum
1261 2671 1510 2727 inueniri
1528 2672 1892 2741 paterLiviae-

288 2763 431 2818 cata
454 2776 585 2818 eum
600 2759 737 2815 dum
749 2775 917 2831 prope
939 2763 1044 2815 est.
1083 2759 1452 2830 Deretinquat
1489 2760 1700 2831 impius
1740 2761 1890 2815 viam

295 2860 550 2922 suam,“
574 2858 658 2911 vir
675 2856 908 2927 iniquus
919 2856 1289 2925 cogitatione:
1308 2871 1462 2920 suos,
1480 2859 1535 2910 et
1567 2858 1891 2913 revertatur

285 2945 362 3001 ad
382 2946 689 3003 Dominum
713 2948 771 3000 et
796 2944 1157 3003 miserebitur
1182 2943 1323 3012 ejus,
1345 2947 1402 2999 et
1438 2943 1512 2998 ad
1548 2945 1723 2999 Deum
1758 2958 1889 3005 nor-

289 3037 617 3104 trum,quon
626 3034 745 3088 iam
757 3033 974 3088 multus
988 3036 1073 3088 cst
1083 3032 1156 3088 ad
1178 3030 1721 3102 ignoscendum.Non
1732 3033 1887 3089 enim

285 3123 658 3190 cogitatione:
673 3136 816 3175 mem
834 3120 1203 3191 coqitationcs
1215 3124 1615 3192 vesti-maeque
1631 3121 1735 3176 via:
1750 3136 1888 3177 more

2004 626 2146 685 tunc,
2166 617 2211 671 si
2232 617 2337 674 alio
2360 625 2602 684 tempore
2642 623 2889 685 peccator
2920 614 3156 678 converti
3206 614 3391 671 volans
3421 613 3591 668 Deum

2002 705 2288 780 quaesierit,
2312 713 2365 761 et
2396 720 2518 760 eum
2539 703 2666 774 quia
2708 703 2868 774 longe
2914 703 3233 759 existentem
3283 718 3392 759 non
3436 701 3592 757 inve-

2000 794 2154 858 nerit,
2180 792 2296 864 jam
2331 793 2426 847 Dei
2457 800 2510 848 et
2546 808 2651 846 non
2709 791 3007 862 peccatoris
3060 791 3219 861 culpa
3272 790 3392 858 erit,
3451 790 3593 861 quod

1998 877 2236 933 converti
2266 876 2334 933 ad
2364 877 2532 935 Deum
2565 892 2673 934 non
2704 874 2924 949 poterit.

2069 994 2327 1051 Morus.
2348 992 2542 1048 Dicunt
2566 992 2729 1047 etiam
2758 989 2902 1046 aliud
2932 989 3179 1046 doctores
3205 989 3391 1058 nostri,
3424 989 3596 1045 Deum

1997 1082 2198 1137 scilicet
2242 1096 2409 1151 prope
2452 1078 2613 1136 ﬁnisse
2655 1087 2711 1134 et
2765 1078 3000 1150 potuisse
3053 1078 3300 1145 inveniri,
3359 1077 3598 1148 quandiu

1998 1169 2139 1223 stetit
2181 1169 2441 1240 templum
2488 1166 2728 1231 Domini.
2763 1167 3031 1222 destructo
3071 1173 3250 1223 autem
3293 1165 3494 1238 templo
3537 1181 3597 1221 se

1997 1264 2292 1335 elongavit,
2326 1270 2380 1319 et
2400 1262 2518 1332 jam
2550 1262 2688 1320 ultra
2713 1279 2769 1317 se
2801 1262 3026 1321 inveniri
3058 1278 3163 1317 non
3192 1261 3378 1318 voluit.

2069 1387 2319 1441 Pnraus.
2354 1387 2420 1440 Et
2448 1386 2499 1440 in
2531 1388 2631 1440 hoc
2661 1401 2873 1455 quoque
2902 1385 3043 1439 stulti
3077 1383 3430 1456 fueruntipsi.
3449 1385 3589 1440 Nam

1994 1481 2046 1527 et
2074 1483 2258 1529 contra
2288 1475 2389 1529 hoc
2415 1474 2546 1528 dicit
2572 1475 2779 1544 Moyses
2822 1474 2891 1530 ad
2916 1472 3078 1533 ,ﬁlios
3120 1473 3303 1538 Israel,
3350 1471 3493 1542 quod
3547 1473 3591 1531 si

1990 1563 2204 1633 quando
2232 1564 2405 1621 Deum
2435 1563 2504 1619 ad
2560 1562 2893 1622 iracundiam
2951 1568 3324 1634 provocarent,
3388 1568 3449 1615 ut
3500 1578 3595 1616 eos

1995 1649 2133 1704 inter
2159 1659 2347 1723 gentes
2374 1650 2618 1721 captivos
2645 1650 2998 1722 dispergeret,
3028 1649 3074 1705 si
3105 1657 3287 1705 tamen
3298 1648 3591 1704 novissimo

1994 1739 2156 1795 etiam
2186 1747 2511 1795 revertentes
2539 1755 2663 1798 eum
2696 1745 3019 1812 quaterent,
3053 1737 3242 1813 procul
3288 1736 3454 1799 dubio
3500 1738 3589 1791 in-

2003 1836 2465 1905 venirent(Exod.
2496 1852 2664 1892 xxx"
2698 1850 2713 1907 ε
2744 1837 2909 1903 Deut.
2944 1838 3147 1905 um).

2071 1953 2329 2008 Movsas.
2358 1949 2805 2022 Quandoquidem
2835 1957 2890 2005 et
2914 1952 3017 2006 hoc
3043 1957 3099 2005 et
3140 1949 3273 2005 illud
3320 1950 3594 2007 contradi-

1999 2040 2095 2106 cis,
2126 2047 2181 2094 tu
2211 2055 2341 2112 ergo
2369 2040 2586 2110 quando
2632 2046 2689 2100 et
2730 2040 2962 2111 qualiter
2997 2038 3227 2099 inveniri
3281 2039 3454 2097 Deum
3509 2039 3595 2095 vel

2000 2144 2169 2201 prope
2198 2144 2314 2184 esse
2340 2126 2537 2185 asseris
2574 2128 2603 2181 ‘P

2072 2244 2324 2301 Parens.
2354 2246 2608 2300 Inventus
2635 2250 2716 2299 est
2739 2258 2868 2300 sane
2884 2243 3148 2302 Dominus
3175 2251 3230 2301 et
3258 2259 3445 2317 prope,
3469 2259 3592 2300 cum

2001 2332 2068 2387 de
2098 2341 2280 2387 sancta
2309 2333 2526 2404 Virgine
2570 2347 2785 2388 carnem
2842 2333 3149 2405 assumpsit,
3207 2340 3261 2388 et
3306 2333 3443 2388 inter
3478 2348 3594 2387 nos

1997 2420 2403 2490 praesentialiter
2443 2419 2721 2486 habitavit,
2771 2427 2826 2474 at
2880 2427 3003 2476 tunc
3058 2419 3279 2489 quidem
3329 2421 3592 2491 propheta

2001 2508 2167 2580 quaeri
2196 2525 2319 2564 eum
2344 2507 2649 2565 etinvocari
2686 2508 2959 2579 praeepit,
3000 2524 3125 2569 cum
3160 2507 3317 2576 dixit,
3356 2509 3592 2582 querito

1997 2606 2321 2673 Dominum,
2355 2613 2456 2660 etc.
2487 2606 2627 2661 Nam
2657 2612 2711 2659 et
2737 2606 2839 2661 hoc
2867 2604 3070 2675 Spiritu
3092 2613 3280 2661 sancto
3315 2605 3590 2661 revelante

2002 2693 2237 2749 futurum
2256 2710 2373 2749 esse
2400 2692 2669 2765 prmvidit,
2702 2692 2841 2749 unde
2862 2701 2915 2750 et
2958 2694 3012 2747 in
3046 2692 3394 2763 sequentibus
3430 2692 3589 2750 addi-

1996 2781 2105 2839 dit:
2133 2783 2499 2854 Derctinquat
2520 2782 2729 2853 impius
2751 2782 2899 2838 viam
2930 2797 3113 2845 suam,
3147 2785 3205 2837 et
3235 2782 3322 2839 vir
3348 2782 3582 2853 iniquus

1992 2870 2359 2942 cogitationes
2377 2886 2531 2933 tu".
2550 2873 2607 2926 ct
2629 2874 2953 2937 reuertatur
2970 2870 3045 2926 ad
3066 2870 3386 2937 Dominum,
3404 2870 3588 2929 videti-

1994 2974 2080 3022 cet
2131 2983 2199 3022 ne
2251 2964 2321 3021 de
2369 2982 2436 3022 eo
2482 2965 2664 3037 inique
2718 2967 3035 3038 cogitarent.
3094 2974 3187 3023 aut
3235 2968 3409 3023 Deum
3469 2983 3586 3022 esse

1991 3070 2115 3113 eum
2171 3062 2390 3128 propter
2440 3062 2770 3127 assumptum
2825 3068 3045 3111 carnem
3089 3054 3414 3123 dubimrent,
3475 3055 3587 3112 imo

1990 3140 2216 3198 ﬁdeliter
2240 3141 2538 3210 crederent,
2569 3157 2695 3197 nam
2726 3150 2779 3197 et
2806 3139 2939 3197 ﬁdas
2989 3142 3047 3197 in
3091 3142 3208 3203 sola
3254 3143 3586 3214 cogitatione

286 3217 392 3272 vim
414 3221 633 3280 vestra,
659 3217 804 3271 dicit
843 3216 1137 3282 Dominus,
1176 3217 1310 3288 quia
1345 3216 1495 3272 sicut
1533 3218 1886 3275 excitantur

1996 3232 2269 3301 cst(loan.
2302 3238 2453 3299 xvn).
2488 3230 2553 3286 Et
2591 3230 2851 3303 cogitatio
2900 3230 3134 3291 hominis
3189 3230 3403 3291 diversa
3458 3231 3585 3300 qui-

283 3306 409 3362 caeli
427 3323 461 3361 α
483 3305 752 3368 terra,:ic
773 3304 1047 3360 exaltatre
1062 3308 1199 3360 sunt
1223 3306 1324 3359 uite
1346 3320 1483 3359 mare
1497 3322 1531 3358 ιι
1545 3305 1645 3360 uiis
1661 3306 1878 3369 restria,

281 3394 727 3465 etcogitationes
753 3408 940 3448 meum
963 3392 1399 3463 cogitationiqus
1428 3394 1651 3451 vestris.
1677 3394 1744 3449 Et
1776 3408 1881 3465 quo

278 3480 442 3537 modo
463 3480 758 3536 descendit
782 3480 958 3537 imber
979 3485 1038 3535 et
1059 3481 1165 3535 nix
1186 3480 1251 3534 de
1275 3481 1429 3544 cwto,
1463 3484 1519 3533 et
1552 3482 1691 3536 illuc
1727 3481 1880 3536 ultra

278 3586 390 3624 non
410 3569 845 3632 revertitur,:ed
867 3567 1112 3623 inebriat
1137 3571 1435 3633 tcrram,ct
1456 3569 1715 3631 infundit
1733 3584 1877 3631 cam,

276 3659 666 3727 etgcrminnrc
680 3673 807 3713 eam
818 3657 1041 3727 facit,et
1054 3656 1152 3711 dat
1164 3672 1353 3712 semen
1366 3657 1663 3717 screnti.“
1671 3672 1880 3727 panem

277 3753 734 3808 comedentizsic
751 3755 865 3808 erit
885 3753 1113 3809 verbum
1155 3769 1346 3807 meum
1386 3752 1530 3824 quod
1561 3752 1882 3823 egredietur

280 3842 347 3896 de
363 3857 458 3897 ore
479 3842 749 3898 meo.Non
769 3844 1089 3896 revertetur
1101 3842 1172 3896 ad
1194 3857 1281 3896 me
1305 3857 1566 3907 vacuum,
1581 3839 1675 3896 sed
1701 3842 1878 3910 faciet

278 3947 620 4004 quaecunque
636 3929 932 3997 voluiUm.
957 3940 1068 3997 ιν).
1100 3930 1162 3983 Ει
1192 3928 1299 3998 die,
1325 3945 1356 3982 0
1389 3930 1618 3998 Moyses,
1653 3927 1876 3984 verbum

278 4018 420 4072 istud
439 4027 608 4073 totum
632 4018 863 4088 qualiter
880 4017 1151 4086 exponis?
1182 4015 1410 4085 Quando
1443 4017 1711 4071 invenitur
1760 4017 1876 4072 D0-

280 4108 476 4174 minus,
500 4114 551 4161 et
568 4106 786 4176 quanrlo
813 4121 918 4159 non
942 4105 1210 4160 invenitur
1231 4108 1258 4157 ’ἶ
1280 4104 1495 4176 quando
1516 4112 1803 4178 estprope,
1827 4112 1880 4160 et

281 4194 496 4266 quando
520 4195 681 4266 longe
712 4194 741 4246 '?

349 4294 581 4347 Movsns.
614 4292 789 4346 Deum
819 4289 1036 4360 quidem
1060 4290 1286 4346 inveniri
1307 4299 1357 4347 et
1377 4307 1544 4361 prope
1562 4308 1695 4357 esse,
1731 4290 1875 4346 idem

285 4390 380 4435 est.
416 4383 586 4451 Pmpe
618 4388 799 4435 autem
832 4387 912 4434 est
937 4387 990 4434 et
1018 4379 1365 4435 inveniturab
1396 4380 1499 4434 illis
1529 4381 1618 4455 qui
1659 4380 1707 4435 ei
1736 4378 1874 4437 tide-

285 4469 403 4523 liter
431 4469 778 4525 famulantur.

1989 3317 2113 3374 dem
2144 3326 2223 3375 est
2249 3318 2623 3391 acogitatione
2651 3318 2769 3373 Dei.
2805 3318 2955 3376 Unde
3011 3325 3063 3374 at
3117 3318 3358 3389 sequitur
3389 3337 3402 3373 :
3463 3319 3586 3379 Non

1989 3410 2143 3463 enim
2167 3407 2536 3480 cogitatione:
2569 3423 2706 3462 mea
2732 3408 3105 3477 cogitatione:
3136 3412 3358 3472 ruina.
3402 3422 3584 3479 neque

1987 3505 2087 3561 vita
2108 3520 2243 3563 male
2260 3505 2361 3559 uia
2382 3503 2747 3565 vestrmdicit
2768 3503 3056 3564 Dominus.
3083 3519 3148 3559 ac
3166 3502 3209 3558 si
3233 3503 3434 3560 diceret
3463 3522 3477 3558 :
3502 3504 3589 3559 Na

1980 3592 2228 3664 cogitetis
2255 3593 2383 3665 quia
2409 3590 2554 3662 quod
2584 3590 2779 3655 ridetis
2807 3599 2859 3647 et
2888 3590 3103 3660 auditis,
3136 3590 3329 3655 Filium
3381 3592 3589 3651 scilicet

1981 3681 2096 3737 sine
2128 3682 2279 3737 Patre
2307 3680 2530 3747 carnali,
2576 3688 2764 3737 contra
2809 3696 2965 3737 usum
3019 3696 3137 3739 esse
3174 3680 3373 3748 sciatis,
3433 3681 3592 3745 aliter

1980 3793 2213 3847 namque
2243 3793 2368 3849 ego,
2401 3782 2453 3831 et
2488 3790 2585 3843 vos
2611 3776 2766 3832 aliter
2794 3776 3067 3847 cogitatis.
3129 3778 3236 3834 Vos
3282 3778 3430 3841 enim
3477 3794 3587 3837 non

1980 3866 2083 3939 nisi
2110 3865 2481 3937 corparaliter,
2509 3880 2613 3936 ex)
2648 3880 2772 3919 vero
2801 3864 3165 3934 spiritualiter.
3211 3865 3378 3929 Aliter
3420 3865 3584 3923 etiam

1984 3952 2175 4010 incedo
2202 3968 2328 4025 ego,
2362 3960 2415 4008 et
2444 3968 2540 4008 vos
2567 3952 2722 4007 aliter
2751 3951 3012 4020 inceditis.
3048 3953 3152 4011 Vos
3182 3968 3414 4024 namque
3435 3953 3583 4013 viam

1984 4052 2084 4111 nisi
2110 4067 2230 4121 quae
2260 4051 2315 4111 in
2347 4067 2443 4105 usu
2473 4056 2552 4109 est
2582 4066 2691 4105 non
2722 4049 2967 4116 novistis,
3026 4064 3133 4122 ego
3188 4065 3314 4108 vero
3367 4066 3584 4121 quoque

1975 4140 2122 4196 illam
2155 4138 2422 4209 novique
2450 4146 2730 4193 estcontra
2760 4154 2930 4201 usum,
2982 4146 3038 4199 et
3061 4154 3416 4208 quacumque
3452 4140 3578 4205 volo

1978 4226 2191 4287 eliicere
2218 4242 2460 4297 possum.
2485 4226 2550 4282 Et
2578 4228 2681 4282 hoc
2697 4234 2775 4281 est
2800 4245 2811 4282 :
2834 4227 2995 4283 Sicut
3016 4228 3361 4297 excitantur
3387 4229 3516 4295 ctuti
3542 4245 3580 4291 α

1980 4323 2156 4384 terra,
2187 4321 2289 4371 etc.
2322 4314 2480 4384 Quod
2509 4323 2690 4371 autem
2710 4314 2985 4385 sequitur:
3013 4314 3127 4382 Quo
3151 4315 3311 4373 modo
3341 4316 3577 4379 descen-

1979 4415 2065 4472 dit
2084 4413 2261 4471 imbcr
2278 4419 2334 4470 at
2351 4413 2457 4471 nia:
2480 4412 2547 4470 dc
2567 4413 2720 4480 cato,
2741 4415 2798 4468 at
2820 4412 2963 4469 iituc
2996 4413 3158 4471 uitro
3188 4430 3304 4473 non
3334 4416 3579 4474 revorti-

1980 4500 2198 4573 tur,sed
2208 4501 2455 4557 inebriat
2474 4503 2772 4559 terram.“
2786 4500 3051 4569 infundit
3061 4504 3270 4565 eam,“
3283 4505 3545 4572 germina
3556 4531 3579 4548 .

356 4586 584 4640 Penus.
619 4582 846 4653 Propius
864 4599 993 4639 sane
1009 4583 1119 4639 vult
1156 4600 1275 4639 esse
1310 4585 1590 4651 Dominus,
1623 4592 1675 4641 et
1704 4584 1878 4656 magis
1909 4581 1957 4645 D
1984 4607 2043 4649 ra
2059 4606 2185 4648 eam
2201 4590 2429 4661 facit,“
2449 4588 2548 4645 dat
2567 4604 2763 4649 tamen
2795 4589 3040 4653 serenti.
3063 4592 3120 4653 at,
3147 4605 3357 4660 panem
3388 4605 3578 4653 coma-

288 4672 437 4729 oli'ert
465 4690 521 4726 se
550 4672 923 4741 peccatoribus
951 4680 1002 4728 et
1032 4672 1109 4728 eis
1145 4673 1234 4742 qui
1278 4672 1438 4746 longe
1463 4689 1580 4728 esse
1608 4672 1875 4739 videntur,

292 4778 448 4831 quam
479 4760 641 4829 justis
669 4768 724 4814 et
742 4758 986 4815 ﬁdelibus
1015 4776 1078 4815 ac
1100 4776 1289 4833 prope,
1314 4769 1373 4816 ut
1399 4761 1551 4827 dicis,
1592 4761 1877 4816 existenti-

293 4849 407 4905 bus.
439 4848 597 4921 Quod
616 4856 672 4903 et
708 4847 837 4902 alibi
869 4850 1131 4918 prepheta
1164 4856 1399 4915 testatur,
1427 4848 1519 4903 ubi
1545 4848 1672 4903 dicit
1703 4867 1715 4903 :
1775 4850 1879 4907 Pa-

294 4954 429 5005 cem,
444 4953 643 5010 pacem
664 4937 718 4991 ei
740 4938 834 5008 qui
856 4937 1014 5007 longe
1032 4940 1135 5001 est,
1164 4940 1219 4991 et
1243 4938 1337 5009 qui
1350 4952 1556 5009 proprc
1590 4941 1693 5000 est.
1727 4937 1883 4993 dixit

293 5034 886 5101 Dominuﬁlsmavu).
940 5032 1081 5101 Quid
1136 5049 1369 5103 namque
1418 5050 1514 5105 per
1566 5034 1729 5106 longe
1766 5034 1881 5090 Deo

294 5123 604 5209 existent’em
636 5120 735 5175 nisi
754 5128 1110 5190 peccatorem,
1144 5128 1195 5175 et
1244 5137 1341 5191 per
1394 5137 1519 5176 eum
1575 5122 1664 5193 qui
1711 5137 1882 5192 prope

295 5220 385 5283 est,
418 5208 517 5264 nisi
539 5210 747 5280 justum
769 5208 1116 5281 intelligimus
1138 5209 1165 5261 ‘P
1196 5208 1260 5265 Et
1292 5211 1554 5280 propheta
1598 5209 1748 5279 prius
1792 5209 1884 5279 qui

295 5299 450 5373 longe
467 5305 567 5367 est,
601 5302 657 5351 et
684 5304 868 5367 postea
898 5296 988 5366 qui
1027 5311 1196 5367 prope
1235 5305 1314 5353 est
1332 5296 1485 5365 dixit,
1515 5304 1568 5352 et
1593 5298 1671 5352 sic
1699 5314 1884 5370 pecca-

295 5389 385 5441 tori
414 5403 579 5457 quam
604 5385 748 5454 justo
776 5384 947 5439 Deum
976 5386 1198 5453 propius
1222 5400 1359 5451 esse,
1391 5385 1727 5441 monstravit.

357 5493 602 5548 Movsns.
636 5492 923 5545 Possumus
952 5490 1114 5544 etiam
1145 5489 1322 5545 dicere
1352 5506 1526 5562 prope
1557 5493 1730 5546 Deum
1770 5508 1888 5547 esse

264 5582 470 5655 decem
502 5587 703 5649 diebus
728 5585 850 5652 illis,
881 5586 971 5656 qui
999 5592 1124 5639 sunt
1151 5602 1183 5640 a
1213 5586 1387 5657 prima
1430 5588 1519 5644 die
1554 5588 1753 5642 mensis
1798 5605 1889 5643 se-

258 5680 436 5755 ‘ptimi
472 5693 647 5747 usque
678 5672 747 5728 ad
778 5674 919 5729 diem
937 5674 1278 5747 expiationis,
1313 5677 1388 5731 sic
1420 5693 1651 5747 namque
1690 5674 1891 5731 dictum

284 5778 358 5827 est
390 5786 423 5824 a
448 5762 771 5823 doctoribus
796 5762 1011 5816 nostris.

259 5872 267 5879 '
354 5869 627 5923 Pa'rnL's.
666 5856 727 5911 Et
757 5859 856 5912 hoc
889 5874 1098 5933 quoque
1121 5858 1318 5913 malum
1340 5867 1435 5915 est.
1461 5860 1515 5915 Si
1540 5861 1681 5915 enim
1703 5859 1893 5917 decem

1983 4688 2175 4746 denti:
2198 4686 2278 4743 sic
2297 4687 2408 4743 erit
2457 4686 2681 4741 uerbum
2712 4683 2858 4758 quod
2897 4685 3191 4752 egreditur
3223 4685 3291 4742 de
3308 4701 3404 4743 ora
3430 4702 3573 4752 meo.

1982 4793 2099 4833 non
2116 4778 2429 4833 revertetur
2445 4773 2519 4829 ad
2533 4789 2618 4829 mc
2637 4789 2735 4831 voc
2744 4788 2898 4838 unm,
2921 4772 3017 4829 sed
3035 4774 3217 4843 faciat
3231 4788 3577 4847 quacunque

1985 4865 2265 4929 volui,hoc
2281 4863 2461 4935 utique
2482 4861 2705 4929 addidit,
2731 4869 2786 4916 ut
2819 4877 2916 4929 per
2936 4860 3227 4921 visibilium
3272 4861 3583 4920 similitudi-

1987 4977 2112 5017 nem
2126 4975 2306 5015 rerum
2324 4958 2645 5025 ostenderet,
2677 4956 2822 5027 quod
2850 4956 2904 5011 in
2922 4955 3135 5011 deitatis
3156 4955 3451 5012 subtilitate
3469 4965 3579 5014 tam

1987 5049 2149 5118 plana
2173 5047 2345 5105 videri
2368 5063 2480 5103 non
2525 5053 2724 5116 posset,
2767 5043 3021 5101 et-dixit:
3064 5044 3211 5101 Sicut
3246 5044 3428 5115 pluvia
3455 5062 3579 5103 cum

1988 5136 2058 5195 de
2083 5136 2223 5192 ccelo
2247 5134 2526 5193 descendit
2550 5150 2658 5191 non
2701 5134 2988 5191 revertitur
3029 5149 3213 5190 rursus
3255 5134 3313 5191 in
3357 5134 3574 5203 castum,

1986 5221 2300 5292 priusquam
2328 5228 2524 5277 terram
2553 5218 2778 5285 molliat.
2830 5216 3119 5277 fecundare
3165 5225 3218 5273 et
3271 5219 3580 5291 germinare

1995 5317 2176 5386 faciat,
2203 5316 2283 5373 sic
2321 5326 2377 5376 et
2410 5317 2635 5374 verbum
2669 5314 3025 5391 meumquod
3051 5314 3358 5395 egredietur
3384 5317 3451 5374 da
3489 5333 3586 5374 ore

1991 5420 2135 5475 meo,
2166 5404 2221 5460 id
2249 5412 2329 5460 est
2356 5405 2518 5460 Filius
2547 5421 2718 5473 meus,
2751 5420 2912 5475 quem
2962 5404 3018 5461 in
3063 5403 3322 5461 mundum
3361 5413 3420 5461 ut
3462 5422 3586 5463 card

1994 5508 2117 5548 nem
2147 5491 2376 5564 accipiat
2400 5509 2519 5551 sum
2551 5492 2825 5561 missurus,
2848 5492 2918 5549 ad
2968 5508 3054 5547 me
3110 5508 3311 5551 vacuus
3367 5509 3478 5555 non
3514 5510 3592 5551 re.

1998 5580 2151 5648 dibit,
2208 5580 2356 5653 quin,
2398 5580 2707 5651 priusquam
2765 5582 2969 5649 recinat,
3011 5596 3375 5652 quaecumque
3408 5583 3592 5641 volam

2001 5685 2216 5750 efﬁciat,
2263 5688 2363 5740 hoc
2419 5694 2518 5750 est,
2575 5686 2713 5741 sicut
2757 5686 3017 5756 disposui,
3068 5703 3284 5743 carnem
3331 5699 3590 5757 assumat,

1999 5774 2315 5846 flagellatur,
2356 5774 2631 5841 moriatur,
2690 5774 2757 5829 de
2812 5774 3023 5829 inferno
3078 5792 3205 5830 suos
3260 5777 3470 5848 eripiat,
3530 5795 3595 5834 ac

1960 5850 1967 5875 ⁵
2003 5872 2265 5934 resurgat,
2292 5872 2339 5919 et
2370 5863 2545 5935 legem
2568 5878 2687 5934 qua:
2716 5862 2896 5917 clausa
2934 5869 3016 5917 est
3070 5864 3246 5919 minus
3302 5863 3600 5939 intelligen-
