3966 6422
433 365 528 423 62H
1355 370 1551 433 PETRI
1592 378 1930 435 ALPHONSI
1975 380 2066 436 EX
2107 381 2345 439 JUDJZO
2385 383 2780 442 (‘leRlSTHNl
3641 394 3764 452 639.

430 491 580 546 tibus
609 491 836 590 aperiat.
867 493 1026 564 Quod
1049 496 1103 590 si
1127 497 1201 590 de
1235 499 1411 590 verbo
1447 512 1580 590 suo.‘
1601 501 1656 590 id
1687 512 1790 568 est,
1833 503 1903 560 de
1921 519 2037 559 scr—
2065 509 2122 568 Α
2149 507 2436 563 manifeste
2467 518 2521 564 et
2549 510 2668 566 sine
2717 509 2990 584 allegoria
3045 513 3324 586 prophetae
3381 515 3766 590 loquebantur

438 595 605 636 mone
634 596 756 647 suo,
781 583 925 638 Deus
949 599 1012 641 se
1030 585 1235 642 dixisse
1263 587 1496 661 intelligi
1525 589 1713 658 voluit,
1737 592 1887 662 quod
1940 593 2036 659 ait,

2169 605 2326 674 robis,
2359 623 2526 679 quare
2555 609 2754 665 mirum
2779 627 2888 666 non
2919 620 3021 680 est,
3056 613 3100 668 si
3137 613 3230 668 tibi
3277 615 3440 672 surda
3495 617 3766 674 videntur

435 671 666 726 verbum
689 687 875 727 meum
887 673 1029 743 quod
1047 676 1366 746 egredietur
1381 677 1448 734 de
1469 695 1564 735 ore
1584 696 1838 745 meo,non
1853 679 2038 754 utique

441 757 765 824 addidisset,
795 777 910 817 non
941 766 1258 820 revertetur
1277 767 1350 821 ad
1381 783 1492 835 me,
1523 775 1630 824 etc.
1659 769 1854 842 Neque
1892 771 2038 826 enim

442 854 692 920 verbum.
721 856 774 912 id
807 866 888 912 est
919 874 1124 928 sermo,
1157 871 1444 934 postquam
1466 864 1638 920 semel
1661 865 1730 920 de
1750 881 1846 922 ore
1867 883 2038 941 egre-

439 942 601 1010 ditur,
634 945 703 1002 ad
733 961 797 1002 os
849 946 989 1002 ultra
1024 949 1336 1005 revertitur.
1373 952 1481 1007 Per
1511 954 1616 1010 hoc
1641 953 1808 1024 igitur
1851 965 2040 1026 aperte

443 1033 703 1100 ostendit,
734 1036 881 1106 quod
910 1037 980 1092 de
1009 1037 1129 1094 Filii
1158 1055 1400 1110 persona
1427 1042 1651 1097 verbum
1683 1059 1864 1100 meum
1885 1045 2037 1100 dixit.

517 1149 779 1206 Mersus.
811 1153 931 1208 .lant
959 1170 1024 1208 ex
1055 1154 1238 1211 verbis
1265 1155 1371 1211 tuis
1404 1155 1648 1212 inanitur
1691 1159 1837 1232 quod
1867 1161 1956 1215 nix
1989 1169 2044 1217 et

447 1235 626 1294 imber
639 1246 929 1314 postquam
950 1243 1020 1299 de
1041 1243 1182 1301 cutio
1203 1245 1484 1314 emittitur,
1520 1245 1575 1302 in
1604 1249 1805 1304 cmlnm
1854 1266 2044 1306 rursus

451 1329 756 1385 revertitur.

523 1424 692 1484 Pera
701 1445 792 1484 es.
829 1429 1030 1487 Verum
1059 1437 1137 1488 est
1150 1471 1166 1488 .

519 1523 786 1581 Movsas.
817 1525 1027 1582 Vellem
1055 1529 1219 1584 modo
1248 1528 1377 1585 mibi
1398 1531 1632 1600 ostendi,
1657 1531 1835 1606 quaid
1872 1534 2046 1606 possit

455 1611 666 1670 ratione
692 1617 1062 1688 comprobari.

479 1721 488 1729 '
531 1719 788 1777 Perses.
822 1719 1065 1778 Scrutari
1093 1739 1230 1780 sane
1259 1729 1420 1797 prius
1465 1727 1638 1784 debes
1677 1727 1820 1784 unde
1876 1729 2052 1785 nubes

456 1809 781 1878 proveniant
809 1817 976 1883 autne
1004 1812 1232 1878 imbres.
1263 1824 1318 1870 et
1346 1815 1426 1872 sic
1457 1815 1669 1872 facilius
1691 1817 1836 1890 quod
1883 1819 2050 1874 modo

455 1913 661 1968 spuens
697 1915 946 1958 invenies
959 1941 974 1957 .

529 2005 795 2061 Morsas.
827 2007 963 2064 Illud
991 2018 1191 2082 precor
1217 2011 1348 2067 mihi
1377 2012 1722 2070 manifestas.

527 2112 791 2170 Perses.
827 2115 1132 2174 Videndum
1165 2118 1345 2192 itaque
1375 2119 1470 2176 tibi
1497 2129 1598 2186 est,
1620 2123 1902 2192 olitoyscs,
1924 2119 2055 2195 quia

457 2209 576 2267 sole
604 2227 774 2282 super
801 2229 948 2269 mare
974 2225 1030 2270 et
1055 2231 1230 2288 super
1275 2226 1477 2274 terram
1525 2229 1672 2276 recta
1729 2221 1873 2276 linea
1928 2221 2054 2276 exi'

459 2307 654 2366 stante,
687 2301 758 2358 de
790 2302 934 2358 mari
959 2304 1182 2376 quidem
1227 2322 1396 2376 vapor
1453 2309 1727 2374 humidus,
1779 2311 1848 2366 de
1905 2318 2052 2366 terra

459 2403 592 2446 veno
617 2392 906 2463 consurgit
931 2393 1134 2460 siccus,
1166 2395 1262 2450 sed
1295 2404 1349 2451 et
1375 2413 1598 2452 sursum
1618 2399 1937 2455 conscendit
1955 2415 2054 2470 per

459 2477 698 2534 calorem
729 2481 890 2548 solis,
922 2481 1064 2539 sicut
1090 2490 1146 2538 et.
1191 2483 1374 2542 fumus
1425 2502 1580 2560 aqum
1635 2503 1737 2559 per
1781 2489 2050 2545 fervorem

459 2573 626 2646 ignis,
662 2577 753 2649 qni
785 2595 1020 2651 vapores
1049 2581 1157 2638 duo
1186 2598 1312 2638 cum
1339 2600 1558 2640 sursum
1597 2586 1843 2653 veniunt,
1878 2587 2053 2644 altero

461 2665 616 2720 alteri
643 2667 824 2736 misto,
855 2685 920 2724 es
942 2686 1002 2726 se
1033 2669 1208 2727 nubes
1249 2672 1452 2729 densas
1503 2674 1816 2732 coniiciunt.
1866 2676 2054 2732 Nubes

462 2763 646 2809 autem
677 2772 799 2811 cum
847 2757 1070 2814 circiter
1124 2759 1383 2816 milliaria
1437 2763 1716 2819 sexdecim
1771 2764 1826 2819 in
1883 2764 2053 2820 altum

461 2845 786 2915 erepseriot,
820 2860 1003 2902 aerem
1035 2848 1108 2903 ibi
1141 2847 1396 2922 frigidum
1419 2853 1718 2922 reperiunt,
1751 2853 1894 2910 unde
1935 2854 2052 2924 jam

460 2931 625 2987 altius
643 2933 874 2992 transire
909 2945 1204 3010 nequeunt,
1258 2949 1312 2996 et
1367 2940 1448 2997 sic
1499 2957 1692 2997 rursus
1746 2941 1800 2998 in
1859 2951 2053 2998 terram

457 3029 737 3098 decidunt,
769 3041 820 3087 et
848 3049 922 3090 ex
951 3033 1056 3090 illis
1077 3035 1280 3092 imbres
1307 3037 1654 3109 proveniunt.
1697 3038 1850 3096 Fecit
1876 3049 2054 3097 autem

464 3119 610 3175 Deus
640 3123 899 3178 montium
930 3125 1318 3192 concavitates,
1353 3135 1410 3182 ut
1453 3126 1526 3182 ibi
1563 3129 1724 3201 quasi
1769 3131 2057 3186 thesaurus

2147 709 2284 749 mea)
2307 697 2475 750 verba
2501 697 2914 766 explanationis.
2943 701 3326 758 Verumtamen
3350 715 3404 762 ut
3423 722 3618 762 omnes
3651 723 3760 764 oc-

2147 783 2400 838 casiones
2433 793 2488 840 et
2517 787 2855 856 objectiones
2890 798 3010 844 tuas
3040 793 3354 862 praecidam,
3379 795 3490 864 jam
3523 796 3593 850 de
3625 797 3758 867 ipso

2149 881 2288 936 Isaia
2317 884 2690 942 auctoritatem
2725 904 2887 944 unam
2919 891 3350 958 potentissimum
3389 893 3484 948 tibi
3531 894 3745 951 dicam.

2148 969 2581 1044 Dicitenimipse
2606 977 2775 1032 Isaias
2801 996 2813 1032 :
2861 979 2996 1036 Ecce
3031 982 3316 1052 intelliget
3336 1001 3529 1042 servus
3558 1000 3750 1050 meus,

2149 1061 2516 1119 exattabitur
2537 1069 2594 1120 et
2605 1067 2934 1138 elevabitur,
2961 1074 3018 1124 et
3039 1072 3300 1128 sublimis
3315 1075 3428 1130 erit
3441 1075 3620 1130 valde.
3649 1074 3752 1129 Si-

2149 1161 2247 1214 cut
2273 1158 2686 1233 obstupuerunt
2709 1181 2882 1236 super
2907 1176 2961 1222 te
2986 1167 3181 1235 multi,
3210 1172 3293 1228 sic
3321 1173 3600 1241 inglorius
3633 1174 3752 1229 erit

2151 1247 2308 1303 inter
2325 1249 2470 1304 viros
2485 1257 2750 1324 aspectus
2783 1256 2920 1324 eius,
2961 1261 3018 1312 ct
3042 1259 3232 1326 [arma
3261 1261 3384 1330 ejus
3408 1263 3563 1318 inter
3591 1261 3750 1330 ﬁlios

2153 1335 2467 1394 hominum.
2501 1339 2608 1396 Iste
2632 1349 2886 1416 asperget
2909 1351 3109 1417 gentes
3139 1347 3376 1404 multus.
3407 1353 3585 1421 Super
3614 1366 3748 1406 cum

2155 1438 2286 1488 cont
2293 1436 2528 1492 inebunt
2540 1453 2692 1508 reges
2711 1454 2772 1494 os
2782 1456 2973 1506 suurn,
2989 1443 3120 1514 quia
3141 1444 3284 1516 quod
3303 1460 3415 1502 non
3439 1451 3524 1502 est
3546 1463 3753 1502 narra-

2159 1525 2280 1578 tum
2303 1526 2386 1579 eis
2403 1525 2685 1593 viderunt,
2700 1532 2757 1584 et
2769 1529 2912 1600 quod
2925 1548 3038 1588 non
3050 1533 3362 1588 audierunt
3375 1537 3753 1608 contemplati

2159 1615 2316 1668 sunt.
2356 1615 2488 1684 Quis
2509 1617 2746 1673 credidit
2768 1620 2998 1676 auditui
3018 1625 3212 1678 nostro
3231 1623 3408 1692 (Rom.
3433 1625 3507 1694 κ),
3539 1628 3594 1680 et
3618 1625 3756 1680 bra-

2159 1708 2354 1765 chium
2373 1713 2597 1770 Domini
2605 1715 2701 1772 cui
2725 1718 3038 1774 revelatum
3062 1719 3190 1774 est?
3222 1722 3292 1776 Et
3319 1722 3582 1778 ascendet
3603 1722 3756 1778 sicut

2160 1799 2475 1869 virgultum
2490 1819 2681 1859 eorum
2697 1810 2843 1873 eo,et
2861 1807 3010 1862 sicut
3023 1808 3194 1864 radix
3213 1809 3280 1864 de
3309 1817 3462 1866 terra
3486 1811 3742 1866 sitienti.

2083 1867 2133 1927 Β
2165 1887 2281 1944 Non
2299 1895 2385 1944 est
2403 1894 2616 1962 species
2633 1894 2688 1948 ei
2707 1911 2885 1966 neque
2898 1896 3150 1960 decor,et
3165 1898 3406 1954 vidimus
3426 1913 3553 1956 cum
3565 1903 3748 1956 etnon

2159 1990 2286 2040 erat
2300 1992 2562 2058 aspectus
2575 1992 2780 2062 ejus,et
2795 1993 3166 2050 desideravim
3176 2011 3240 2050 us
3255 2012 3384 2051 eum
3399 1997 3742 2069 despectum,

2160 2077 2597 2134 etnouissimum
2616 2082 3078 2145 eiram-nimirum
3107 2083 3364 2140 dolorum
3382 2089 3438 2140 et
3451 2088 3746 2156 cognitum

2161 2165 2522 2236 inﬁrmitate,
2557 2175 2613 2226 et
2630 2173 2792 2242 quasi
2813 2173 3174 2231 absconditus
3191 2179 3381 2232 vultus
3401 2182 3524 2246 eius
3545 2183 3602 2234 et
3621 2180 3747 2236 des-

2157 2267 2374 2336 pectus,
2387 2266 2532 2322 unde
2543 2275 2600 2322 et
2611 2283 2714 2324 nec
2730 2285 2866 2341 rcpu
2876 2274 3049 2327 tavim
3057 2288 3120 2327 us
3131 2289 3258 2328 eum
3267 2315 3280 2327 .
3311 2275 3440 2330 Vere
3453 2276 3748 2346 languores

2159 2357 2380 2409 nostros
2392 2357 2508 2425 ipse
2526 2358 2747 2422 tulit,et
2761 2359 2979 2416 dolores
2997 2365 3226 2417 nostros
3240 2365 3356 2433 ipse
3385 2367 3655 2435 portavit.
3685 2365 3750 2420 Et

2159 2458 2265 2498 nos
2279 2445 2606 2514 putavimus
2619 2461 2747 2501 eum
2763 2450 2924 2518 quasi
2941 2452 3262 2520 plagatum.
3277 2455 3334 2507 et
3357 2467 3685 2523 percussum
3715 2471 3750 2510 α

2164 2539 2352 2600 Deo.et
2374 2539 2534 2596 humi
2541 2541 2764 2597 Iiatum.
2792 2544 2908 2615 Ipse
2923 2551 3115 2602 autem
3139 2549 3470 2606 vulneratus
3482 2553 3566 2605 est
3580 2565 3752 2624 prop-

2163 2639 2252 2690 ter
2272 2635 2606 2710 iniquitates
2622 2639 2870 2699 nostras,
2893 2637 3138 2691 attritus
3163 2641 3247 2692 est
3274 2643 3509 2710 propter
3540 2640 3750 2695 scelera

2161 2729 2378 2780 nostra.
2398 2725 2710 2797 Disciplina
2736 2725 2895 2793 pacis
2911 2728 3304 2796 nostrarsupcr
3327 2742 3475 2792 eum,
3495 2730 3552 2782 et
3583 2728 3750 2782 livore

2159 2816 2281 2886 ejus
2292 2814 2490 2870 sanati
2502 2829 2717 2870 sumus.
2739 2815 2940 2870 Omnes
2953 2829 3054 2868 nos
3075 2817 3238 2886 quasi
3263 2831 3387 2871 oves
3416 2817 3744 2879 erravimus,

2163 2913 2546 2985 unusquisque
2565 2912 2628 2967 in
2663 2914 2814 2969 viam
2837 2927 2999 2966 suam
3023 2911 3352 2976 declinavit,
3385 2916 3442 2965 et
3483 2913 3750 2968 Dominus

2158 3003 2349 3073 posuit
2369 3003 2431 3056 in
2450 3017 2514 3056 eo
2531 3001 2896 3072 iniquitatem
2909 3001 3164 3056 muniunt
3189 3006 3468 3056 nostrum.
3511 3002 3748 3058 Coactus

2163 3091 2608 3162 estetaf/lictus,
2645 3106 2757 3146 non
2779 3092 3004 3162 aperuit
3016 3107 3074 3145 os
3095 3091 3450 3146 suum.Sicut
3468 3107 3648 3160 agnus
3677 3091 3746 3146 ad

462 3209 684 3281 quidam
717 3221 1133 3280 receptarentur
1161 3188 1382 3274 imbres.
1418 3217 1566 3273 Fecit
1583 3188 1648 3272 'et
1669 3217 1724 3273 in
1752 3218 1887 3290 ipsis
1903 3233 2058 3275 mon-
2088 3225 2139 3289 α
2165 3190 2509 3290 ⁰⁴ἶ⁶ί³ἱξ²⁷³δ⁷⁷ἶ
2526 3189 2786 3290 duf'emr’
2820 3191 2876 3243 et
3072 3188 3192 3242 ovi:
3207 3205 3398 3290 coni,"
3414 3189 3680 3290 tonde?“
3692 3205 3749 3290 se,

459 3298 592 3356 tium
621 3302 1058 3358 extremitatibus
1087 3304 1212 3360 imis
1268 3305 1532 3360 foramina
1571 3307 1822 3379 quaedam
1870 3323 2056 3379 parva,

459 3403 563 3462 per
591 3405 713 3464 qum
741 3391 999 3462 paulatim
1030 3393 1312 3450 derivatur
1335 3410 1498 3467 aqua,
1533 3412 1654 3468 qua:
1679 3393 1819 3452 sicut
1849 3397 1906 3451 in
1935 3399 2059 3454 the-

463 3497 629 3543 sauro
655 3490 941 3546 tenebatur
967 3491 1314 3556 abscondita,
1346 3501 1400 3548 et
1457 3492 1510 3548 bi
1563 3501 1690 3548 sunt
1736 3492 1932 3562 fontes,
1992 3511 2062 3550 ex

465 3577 664 3648 quibus
691 3579 941 3635 universa
972 3580 1296 3651 proveniunt
1327 3581 1568 3638 ﬂumina.
1603 3581 1813 3652 Quibus
1829 3583 2065 3639 flumini-

468 3666 569 3722 bus
599 3667 839 3724 uuit'ersi
870 3669 1182 3725 nutriuntur
1208 3671 1414 3742 pisces,
1446 3680 1605 3743 prata
1627 3680 1680 3728 et
1713 3673 1886 3728 vineae
1934 3673 2062 3728 irri-

465 3765 686 3827 gantur,
712 3765 766 3812 et
795 3761 1014 3829 segetes
1043 3759 1322 3816 hominum
1355 3767 1409 3815 et
1435 3759 1749 3816 animalium
1783 3761 2065 3830 adaquan-

463 3851 553 3900 tur
579 3861 804 3920 greges,
835 3847 1038 3904 villula)
1066 3850 1510 3920 prmtertluuntur
1538 3857 1592 3904 et
1623 3867 1835 3922 magna:
1863 3851 2054 3907 urbes.

467 3933 636 4004 Hitjus
666 3943 844 3992 autem
875 3945 1260 4010 argumentum
1286 3939 1365 3994 rei
1411 3946 1514 4005 est,
1567 3939 1712 4012 quod
1771 3937 2064 3996 deﬁciente

465 4030 677 4102 pluvia,
709 4030 892 4088 fontes
921 4033 1197 4089 siccantur
1226 4043 1280 4090 et
1322 4034 1566 4099 ﬂumina,
1613 4035 1754 4092 sicut
1811 4035 1868 4091 in
1924 4035 2064 4091 libro

465 4120 678 4192 Regum
717 4121 878 4176 tertio
917 4123 1244 4186 invenimus,
1287 4123 1507 4180 dicente
1549 4123 1666 4180 Elia
1703 4144 1717 4180 :
1762 4127 1893 4181 Post
1937 4124 2056 4181 dies

465 4221 663 4275 autem
675 4219 1262 4292 aliquantossiccatus
1276 4224 1359 4277 est
1373 4225 1737 4288 torrens,non
1751 4224 1902 4278 enim
1917 4224 2068 4296 plue-

472 4313 750 4382 rutsuper
771 4315 976 4365 terram
999 4309 1124 4377 (ll!
1149 4314 1276 4380 ηξσ.
1305 4311 1719 4380 xvu;.Plumina
1753 4327 1880 4368 vero
1915 4321 2062 4383 post-

471 4413 630 4468 quam
661 4413 829 4468 super
855 4407 1056 4454 terram
1085 4399 1288 4454 diutius
1315 4401 1680 4466 cucurrerint,
1720 4401 1791 4456 ad
1835 4401 2066 4474 pelagus

472 4487 694 4544 tandem
719 4488 1014 4544 deveniunt
1042 4503 1108 4545 ac
1138 4487 1360 4544 marinis
1413 4491 1668 4545 ﬂuctibus
1723 4505 1785 4546 se
1829 4505 2064 4561 compo-

2167 3279 2530 3339 obmutescet.
2551 3282 2743 3333 etnon
2764 3279 2984 3350 aperiet
3005 3293 3064 3332 os
3083 3293 3270 3332 suum.
3308 3279 3380 3333 De
3403 3278 3671 3350 angustia
3700 3283 3756 3334 et

2167 3367 2235 3422 de
2247 3367 2466 3438 judicio
2487 3366 3302 3423 sublatusest.Generationem
3323 3367 3444 3433 eius
3467 3369 3590 3441 quis
3603 3383 3757 3425 enar-

2169 3466 2318 3521 rabit
2338 3467 2367 3520 ‘l
2393 3466 2529 3524 (ter.
2566 3481 2620 3518 χι
2643 3481 2657 3529 ;
2678 3467 2793 3520 Act.
2817 3465 2955 3530 rm).
2997 3465 3136 3534 Quia
3157 3465 3368 3520 divisus
3392 3470 3478 3521 est
3507 3471 3570 3522 de
3604 3470 3753 3522 terra

2168 3555 2502 3611 uiuentium.
2528 3554 2956 3626 Propterscelus
2976 3555 3168 3626 populi
3186 3557 3298 3610 mei
3325 3556 3589 3626 plagatus
3623 3556 3754 3626 fuit,

2170 3647 2227 3698 et
2241 3642 2396 3698 dedit
2414 3659 2542 3698 cum
2560 3643 2755 3715 impiis
2777 3643 3132 3714 sepulturam
3153 3648 3398 3706 suam,et
3417 3659 3546 3700 cum
3572 3645 3754 3700 diviti-

2169 3741 2270 3799 bus
2285 3751 2524 3798 mortem
2543 3759 2728 3806 suam,
2751 3743 2882 3798 licet
2899 3744 3260 3814 iniquitatem
3283 3759 3395 3800 non
3410 3745 3632 3814 /ecerit,
3666 3759 3757 3800 ne-

2171 3847 2276 3906 que
2291 3831 2383 3886 dot
2390 3847 2452 3886 us
2470 3831 2665 3901 fuitin
2683 3847 2778 3886 ore
2793 3834 2914 3901 ejus
2932 3832 2982 3895 (l
3001 3834 3120 3887 Pet.
3140 3833 3282 3901 u),et
3302 3833 3570 3889 Dominus
3591 3833 3755 3888 uoluit

2171 3925 2464 3977 conterere
2485 3937 2635 3982 eum.
2661 3920 3034 3987 ctinﬁrmari.
3059 3922 3118 3976 Si
3137 3925 3389 3994 posuerit
3407 3937 3508 3993 pro
3537 3925 3754 3994 peccato

2172 4011 2428 4066 animum
2460 4025 2644 4074 suam,
2697 4010 2900 4064 videbit
2920 4025 3131 4072 semen,
3160 4014 3216 4065 et
3245 4009 3611 4080 elongabitur
3633 4015 3758 4066 tem-

2173 4125 2298 4182 pus,
2331 4108 2660 4163 ctuolunlas
2684 4107 2910 4162 Domini
2926 4107 2987 4162 in
3005 4125 3181 4164 manu
3203 4109 3326 4179 ejus
3346 4109 3644 4178 dirigetur.
3678 4109 3756 4163 Ex

2177 4198 2360 4252 labore
2377 4197 2721 4252 unimanum
2747 4197 2946 4252 videbit
2967 4199 3408 4254 etsaturabitur.
3434 4197 3502 4252 In
3525 4197 3759 4254 scientia

2173 4303 2276 4342 sua
2292 4285 2624 4356 iusti/icabit
2629 4285 2857 4354 justum
2875 4285 3100 4350 multis,
3120 4290 3178 4340 et
3207 4287 3542 4359 iniquitates
3574 4303 3758 4344 eorum

2173 4386 2293 4456 ipse
2304 4385 2568 4456 portabit.
2607 4381 2734 4438 Ideo
2757 4398 2885 4438 eum
2913 4383 3268 4454 participare
3281 4385 3492 4455 faciam
3511 4387 3572 4441 in
3596 4386 3760 4454 pluri-

2175 4477 2364 4534 mis.et
2386 4491 2515 4528 cum
2537 4475 2652 4544 fort
2661 4471 2784 4528 ibus
2807 4471 3020 4528 dividet
3034 4473 3237 4543 spolia,
3244 4489 3346 4545 pro
3357 4491 3418 4530 eo
3439 4473 3582 4545 quod
3604 4474 3762 4530 tradi~

473 4584 629 4644 mm"
661 4584 716 4632 ει
750 4577 830 4635 δίο
857 4593 1031 4648 "po,
1055 4578 1222 4633 maris
1261 4591 1475 4634 θυι-δυσ,
1516 4587 1573 4634 ut
1622 4593 1792 4649 supra
1833 4557 2067 4635 άίχίάιιις
2180 4564 2265 4620 dit
2287 4567 2346 4620 in
2369 4567 2608 4618 mortem
2630 4562 2884 4618 animum
2899 4567 3154 4627 suam,et
3168 4579 3297 4618 cum
3317 4563 3608 4619 sceleratis
3626 4579 3761 4618 rout-

474 4667 810 4735 reascendit,
833 4676 886 4723 et
915 4685 980 4724 ex
1009 4683 1070 4724 se
1096 4668 1295 4724 iterum
1328 4669 1498 4724 nubes
1528 4668 1773 4734 conﬁcit,
1807 4677 1860 4725 et
1912 4669 2070 4737 hujus

475 4771 742 4813 ascensus
769 4757 857 4812 vel
887 4756 1192 4813 descensus
1222 4755 1346 4811 ﬁnis
1378 4770 1488 4811 non
1543 4765 1630 4812 est
1668 4771 1774 4812 nec
1827 4771 2070 4828 unquam

476 4847 592 4915 Ibit,
623 4863 688 4902 ex
719 4859 829 4920 quo
858 4846 1120 4902 mundum
1153 4847 1302 4901 Deus
1321 4845 1656 4915 composuit,
1687 4845 1784 4900 sed
1818 4860 1920 4902 nec
1947 4845 2068 4913 erit,

474 4937 718 5010 quandiu
756 4952 940 4992 rerum
977 4934 1228 4991 Creatoi-i
1265 4933 1554 5004 placuerit,
1588 4942 1726 4990 teste
1755 4933 2071 4997 Salomone.

473 5027 566 5100 qui
597 5025 728 5082 dicit
757 5027 810 5082 in
869 5025 1202 5082 Ecclesiaste
1236 5040 1250 5082 :
1288 5024 1492 5080 Omnia
1541 5024 1786 5086 [turnina
1839 5025 2071 5080 intrant

476 5133 656 5180 mare.
681 5120 737 5172 et
756 5131 911 5172 inure
931 5131 1046 5170 non
1068 5114 1464 5170 redundat.Ad
1483 5115 1670 5171 locum
1689 5114 1838 5170 unde
1857 5118 2074 5170 exeunt

478 5206 720 5276 [taurina
751 5209 1141 5271 revertuntur,
1167 5207 1230 5260 ut
1261 5204 1477 5259 iterum
1496 5204 1687 5272 ﬂuant
1707 5201 1914 5269 (Eccte.
1942 5207 2003 5271 l).

551 5322 820 5376 Mersus.
859 5318 1220 5376 Auctoritates
1250 5317 1472 5390 quidem
1502 5333 1566 5372 ex
1594 5317 1754 5373 libris
1785 5317 2078 5388 pmpbeta-

485 5426 604 5464 rum
635 5409 827 5464 multas
855 5407 1146 5474 adduxisti,
1180 5416 1233 5462 et
1275 5423 1368 5462 eas
1408 5407 1705 5463 secundum
1743 5407 2074 5462 voluntatem

483 5506 631 5554 tuam
661 5497 983 5568 esplanasti,
1017 5499 1120 5554 sed
1179 5497 1376 5553 vellem
1407 5513 1570 5552 unam
1601 5497 1792 5552 saltem
1827 5495 1957 5550 mihi
1983 5509 2078 5566 pa-

487 5594 686 5642 tentem
715 5586 956 5647 ostendi.
986 5603 1088 5658 per
1115 5601 1276 5660 quam
1321 5584 1468 5659 quod
1515 5585 1752 5641 intendis
1793 5583 2081 5640 manifeste

487 5677 661 5746 possit
687 5677 1008 5750 approbari.

562 5793 814 5846 l‘nrncs.
847 5792 971 5846 Non
1003 5799 1085 5846 est
1115 5790 1360 5862 proiecto
1393 5806 1530 5846 nova
1561 5789 1741 5847 cordis
1773 5787 1846 5846 tui
1865 5781 1874 5786 ”
1895 5798 1947 5846 et
2005 5789 2079 5844 tui

489 5878 744 5935 similium
773 5876 991 5936 duritia.
1022 5875 1218 5952 Neque
1245 5879 1390 5936 enim
1421 5879 1582 5935 etiam
1603 5877 1935 5947 credebatis,
1959 5879 2080 5933 ea...

2181 4666 2416 4734 putatus
2433 4663 2540 4726 est,
2560 4664 2615 4715 et
2638 4663 2755 4734 ipse
2773 4665 3074 4730 peccatum
3090 4659 3398 4714 multorum
3417 4659 3573 4720 tulit.
3596 4664 3648 4715 et
3664 4676 3760 4732 pro

2183 4753 2690 4822 transgressoribus
2708 4751 2923 4822 rogabit
2946 4751 3073 4813 (tsu.
3097 4765 3167 4804 LII
3193 4751 3370 4816 ;Lm).
3397 4747 3617 4803 Multum
3637 4763 3760 4802 sane

2183 4845 2236 4900 in
2257 4845 2380 4910 ista,
2401 4861 2434 4898 ο
2456 4845 2688 4914 Moyses,
2713 4856 2874 4911 super
2893 4833 3228 4896 omnesalios
3261 4837 3505 4892 laboravi
3534 4836 3760 4907 prophe-

2185 4943 2279 5008 tia,
2314 4950 2371 4997 ut
2394 4943 2544 5010 juxta
2574 4939 2724 5011 quod
2755 4955 2892 5009 apus
2923 4954 3026 4990 vos
3053 4944 3155 4998 est.
3191 4935 3338 4989 illam
3361 4933 3685 4999 indecorem,
3709 4931 3760 4988 in

2188 5049 2296 5107 quo
2327 5033 2488 5088 etiam
2523 5029 2662 5084 beati
2689 5026 3145 5100 llieronymilieet
3167 5039 3354 5097 veram
3372 5021 3762 5078 deseruitrans-

2187 5120 2466 5184 lationem.
2488 5127 2606 5182 lloc
2635 5133 2817 5180 autem
2849 5123 2970 5186 feci,
3008 5131 3063 5176 ut
3091 5121 3409 5178 occasiones
3439 5128 3558 5175 tuas
3586 5135 3763 5176 omnes

2187 5227 2488 5282 auferrem.
2532 5223 2708 5294 Quam
2742 5222 2868 5296 quia
2917 5221 3134 5276 Christo
3193 5217 3559 5290 applicamus,
3615 5224 3664 5272 et
3711 5223 3764 5272 tu

2187 5317 2412 5371 forsitan
2447 5330 2552 5368 non
2584 5312 2866 5378 concedis,
2925 5309 3090 5366 velim
3147 5309 3303 5365 dicas
3358 5307 3428 5362 de
3475 5321 3581 5380 quo
3633 5304 3764 5361 illam

2185 5400 2384 5462 dictum
2418 5421 2539 5458 esse.
2573 5401 2857 5475 intelligis.

2261 5523 2545 5580 Morsss.
2591 5523 2884 5577 Doctorum
2919 5516 3165 5591 profecto
3208 5513 3428 5588 quidam
3475 5518 3788 5570 nostrorum.

2189 5629 2310 5670 eam
2338 5613 2406 5668 de
2433 5611 2668 5668 terentia
2698 5612 2897 5664 dictam
2931 5623 3054 5662 esse
3091 5611 3368 5670 asserunt,
3415 5593 3545 5674 quia
3589 5596 3765 5674 llach-

2191 5702 2353 5759 latns.
2381 5703 2722 5761 verberatus,
2773 5706 2822 5752 ot
2861 5698 3236 5752 ineat-ceratos
3281 5693 3378 5748 fuit
3416 5694 3564 5762 (trra
3603 5693 3692 5758 χι),
3719 5695 3766 5745 et

2190 5793 2355 5860 multa
2389 5791 2496 5844 alia
2523 5807 2644 5860 qua:
2665 5801 2996 5841 enumerare
3019 5784 3242 5858 longum
3266 5789 3348 5838 est
3362 5780 3506 5860 mala
3528 5769 3756 5860 pertulit.

2189 5852 2496 5936 Secundino
2527 5852 2666 5931 alitis
2697 5869 2826 5929 vim
2882 5874 2952 5929 «te
3006 5852 3156 5928 stitt
3204 5875 3338 5943 t‘cge
3389 5857 3748 5940 intelligimus,
