3966 6454
268 401 358 466 633

1880 445 2166 509 DlALOGl

3543 470 3644 530 63i

278 537 382 646 qui,
413 559 558 604 cum
591 551 694 607 vir
715 560 984 615 snactus
998 568 1143 617 esset
1163 562 1435 635 etjustus,
1465 581 1566 637 pro
1583 570 1822 639 peccatis
1839 590 1948 627 non
1982 578 2037 639 Α
2065 578 2313 633 Christus
2336 581 2607 640 sustinuit.
2641 585 2926 659 Sequitur:
2953 591 3126 658 Quasi
3141 593 3502 653 absconditus
3532 599 3654 654 vul-

289 636 428 735 suis,
457 645 572 700 sed
605 651 834 720 populi
859 662 955 708 est
985 654 1306 714 interfectus
1335 636 1782 735 (lVltegsxxut).

359 732 652 796 PETRUS.
715 743 816 801 De
859 755 1064 805 neutro
1100 759 1254 807 certe
1299 732 1534 810 istorum,
1561 732 1742 828 potest
1785 775 1940 820 esse.

300 821 496 918 bienni
521 845 792 918 namque
825 837 1172 906 prophetiam
1205 847 1369 897 totam
1411 821 1616 914 poteris
1643 848 1946 918 applicare.

307 913 457 1006 Nam
487 917 538 974 si
559 918 634 975 de
663 921 934 979 Ieremia
959 925 1236 999 intelligis,
1285 913 1560 988 Jereimias
1592 913 1816 1006 quidem
1847 939 1951 993 tia-

319 1004 482 1076 gella,
543 1023 866 1078 carcerem,
901 1022 956 1068 et
983 1014 1202 1072 multam
1259 1004 1626 1078 aﬂlictionem
1669 1026 1946 1093 sustinuit,

326 1095 424 1151 sed
455 1111 559 1152 nec
593 1099 826 1154 occisus
867 1099 985 1168 fuit,
1036 1119 1136 1160 nec
1168 1105 1477 1178 tlageliatus
1535 1112 1816 1180 conticuit,
1847 1131 1950 1170 nec

331 1201 554 1264 peccata
583 1203 780 1251 nostra
811 1197 954 1264 tulit,
1003 1215 1109 1256 nec
1155 1210 1354 1260 caetera
1380 1203 1484 1275 ipsi
1511 1207 1834 1278 applicabis,
1883 1211 1952 1266 de

329 1281 486 1338 Josia
512 1299 646 1339 vero
673 1285 813 1340 nihil
845 1287 1000 1358 quod
1026 1287 1080 1344 in
1109 1292 1397 1362 prophetia
1420 1295 1683 1350 habeatur
1713 1299 1953 1368 potui:se

326 1368 448 1426 dici
475 1370 722 1428 invenies
760 1383 966 1445 praeter
991 1376 1047 1434 id
1077 1379 1224 1451 quod
1251 1388 1306 1436 et
1334 1391 1574 1450 sanctus,
1605 1393 1658 1440 et
1705 1401 1807 1458 pro
1847 1404 1952 1459 p0-

324 1457 452 1530 puli
481 1461 693 1518 sceleie
717 1460 815 1518 fuit
845 1463 1176 1524 interiectus.

409 1567 670 1623 Marses.
703 1569 785 1624 De
805 1585 917 1642 quo
937 1586 1076 1644 ergo
1091 1575 1428 1646 prophetiam
1447 1577 1647 1634 dictam
1669 1578 1950 1653 intelligis,

321 1663 430 1718 cui
457 1673 640 1734 partes
665 1666 787 1736 ejus
807 1682 1003 1724 omnes
1031 1671 1310 1742 applicare
1338 1674 1566 1745 possis?

413 1779 666 1836 PETRUS.
704 1781 788 1838 De
833 1781 1080 1840 Christo.
1140 1785 1298 1856 Quod
1337 1787 1480 1844 enim
1509 1789 1661 1858 dixit,
1689 1807 1814 1847 ecce
1851 1792 1948 1848 in-

319 1867 558 1938 telliget
572 1884 770 1926 seruus
785 1887 964 1938 meus,
983 1875 1340 1932 multabitur
1357 1881 1416 1932 et
1434 1878 1765 1944 eleuabitur,
1783 1885 1837 1935 et
1853 1897 1946 1936 su-

2063 669 2157 720 tus
2187 668 2305 736 ejus
2328 672 2710 743 strtespectus,
2746 677 2896 733 unde
2933 696 3037 733 nec
3070 687 3466 751 reputauimus
3495 701 3646 741 eum.

2061 752 2228 822 Quasi
2255 758 2611 815 absconditus
2643 764 2838 818 Christi
2887 765 3065 821 vultus
3112 767 3230 834 fuit,
3284 771 3432 842 quia,
3467 780 3520 827 et
3549 773 3652 828 sub

2061 841 2181 911 ejus
2207 859 2370 899 carne
2398 847 2611 903 deitatis
2632 852 2894 922 splendor
2911 855 3141 922 delituit,
3175 867 3228 912 et
3266 841 3652 930 impetentibus

2063 956 2123 994 se
2145 943 2397 999 resistere
2427 961 2550 1001 cum
2581 958 2765 1018 posset
2807 952 2996 1016 noluit,
3032 971 3202 1023 quare
3250 955 3560 1027 despectus,
3599 969 3655 1015 et

2064 1043 2171 1083 non
2202 1041 2497 1100 reputatus,
2533 1037 2585 1090 id
2617 1047 2694 1092 est
2728 1057 2832 1094 non
2879 1044 3222 1112 appreciatus
3272 1045 3384 1100 luit.
3431 1048 3495 1101 Et
3527 1063 3652 1104 vere

2064 1117 2360 1189 languores
2377 1129 2603 1180 nostros
2620 1129 2736 1198 ipse
2763 1130 2922 1193 tulit,
2955 1134 3011 1186 ct
3041 1133 3253 1188 dolores
3284 1139 3504 1192 nostra:
3533 1139 3650 1208 ipse

2057 1218 2322 1282 portavit.
2356 1232 2479 1273 cum
2512 1221 2729 1277 dolores
2785 1232 2945 1296 atque
3000 1225 3269 1298 supplicia
3297 1247 3417 1301 qua:
3447 1230 3649 1286 nostris

2061 1299 2402 1359 debebantur
2429 1308 2874 1382 sceleribus,ipse
2905 1315 3175 1370 sustinuit.
3205 1320 3269 1372 Et
3291 1299 3388 1375 nos
3419 1321 3649 1391 putavi-

2060 1415 2186 1454 mus
2209 1417 2336 1455 eum
2357 1405 2516 1475 quasi
2526 1408 2820 1477 plagatum
2840 1414 2896 1464 et
2921 1429 3250 1482 percussum
3271 1433 3304 1470 (ι
3325 1417 3429 1471 Deo
3454 1421 3511 1471 et
3543 1416 3646 1472 hu-

2061 1487 2364 1554 miliatum,
2419 1494 2564 1563 quod
2611 1505 2709 1563 est,
2744 1498 3048 1566 putavimus
3079 1501 3224 1572 quod
3257 1503 3436 1572 plaga,
3479 1504 3532 1558 id
3563 1512 3648 1560 est

2061 1585 2333 1655 ﬂagellum
2365 1589 2495 1644 illud
2526 1601 2578 1645 et
2619 1597 2926 1663 percussio,
2975 1607 3027 1652 et
3071 1599 3354 1669 depressio
3421 1601 3509 1656 illa
3541 1602 3645 1657 sibi

2055 1675 2398 1747 contingeret
2427 1679 2498 1733 ob
2525 1681 2781 1751 seipsum,
2815 1686 2913 1739 sed
2944 1703 3304 1760 nequaquam.
3341 1691 3406 1744 Et
3429 1691 3532 1747 hoc
3563 1698 3646 1746 est

2059 1765 2203 1832 quod
2225 1766 2301 1818 ait
2323 1782 2336 1821 :
2369 1767 2494 1839 Ipse
2514 1774 2706 1826 autem
2721 1775 3052 1830 vuhwratus
3071 1781 3155 1830 est
3176 1783 3407 1850 propter
3428 1779 3644 1852 iniqui-

2057 1854 2203 1906 tates
2241 1861 2485 1925 nostras,
2519 1860 2760 1915 attritus
2785 1865 2869 1915 est
2893 1869 3124 1935 propter
3157 1867 3373 1921 scelera
3414 1873 3636 1923 nostra.

317 1954 529 2012 btimis
541 1959 652 2013 erit
673 1959 855 2024 ualde,
879 1975 979 2014 nas
999 1961 1218 2033 quidem
1254 1964 1507 2020 novimus
1529 1967 1656 2038 quia
1693 1967 1929 2022 Christus

2056 1949 2119 2002 Et
2156 1949 2457 2024 disciplina
2501 1962 2658 2027 pacis
2702 1965 2910 2014 nostra:
2955 1978 3126 2031 super
3164 1979 3312 2026 eum,
3341 1963 3393 2017 id
3419 1971 3520 2030 est,
3553 1961 3640 2018 di-

315 2061 390 2109 ει
409 2052 715 2110 Deiservus
730 2064 784 2110 et
803 2058 989 2128 magni
1015 2057 1111 2114 fuit
1141 2059 1476 2127 intellectus,
1491 2072 1544 2119 et
1558 2080 1727 2134 super
1746 2080 1938 2120 omnes

311 2157 529 2197 servos
569 2143 671 2198 Dei
715 2143 975 2200 sublimis
1015 2154 1069 2202 et
1115 2149 1410 2207 exaltatus.
1461 2151 1640 2223 Cujus
1672 2159 1725 2207 et
1768 2169 1939 2223 opera

319 2225 485 2280 mira
518 2225 735 2282 fuerunt
765 2242 833 2284 ac
879 2231 1172 2300 stupenda,
1207 2242 1262 2287 et
1291 2249 1569 2306 nunquam
1609 2235 1801 2306 gloriae
1844 2236 1940 2290 fuit

250 2379 272 2387 ε
321 2313 450 2369 sibi
479 2329 634 2370 cura.
679 2317 746 2371 Et
786 2317 1010 2382 honest,
1041 2320 1189 2375 sicut
1230 2322 1649 2395 obstupuerunt
1692 2341 1859 2397 super
1888 2329 1941 2380 te

316 2413 614 2482 multi,sic
629 2414 968 2484 ingloriosus
979 2419 1091 2472 erit
1108 2419 1263 2474 inter
1284 2423 1430 2477 viros
1449 2427 1712 2494 aspectus
1730 2425 1786 2493 ej
1792 2427 1938 2488 us,et

319 2504 522 2572 forma
544 2505 666 2572 ejus
683 2503 842 2559 inter
853 2504 1004 2572 ﬁlios
1022 2505 1334 2564 hominum.
1351 2508 1741 2582 Sequiturzlste
1757 2528 1942 2583 asper.

317 2590 425 2656 get
468 2589 672 2657 gentes
718 2589 956 2644 multas.
999 2589 1068 2645 Et
1115 2592 1380 2648 Dominus
1427 2594 1649 2666 quidem
1697 2597 1940 2650 Christus

323 2681 649 2740 Israelitica:
677 2685 832 2757 genti
860 2687 1014 2757 quasi
1054 2689 1299 2760 pluviam
1339 2708 1594 2765 magnam
1623 2694 1776 2763 pluit,
1810 2711 1940 2749 cum

327 2777 485 2834 inter
505 2794 605 2835 eos
628 2788 898 2853 tanquam
919 2785 979 2840 in
1004 2787 1231 2858 proprio
1254 2789 1410 2843 venit
1453 2789 1636 2858 (Joan.
1671 2791 1729 2857 t),
1763 2797 1816 2844 et
1846 2792 1926 2844 eis

317 2890 504 2948 opera
534 2885 589 2932 et
620 2879 896 2950 magnalia
926 2897 1026 2936 sua
1057 2884 1318 2940 ostendit.
1353 2885 1498 2940 Alias
1529 2894 1710 2941 autem
1744 2895 1937 2956 gentes

319 2970 529 3026 multas
553 2973 807 3042 aspersit,
841 2975 975 3046 quia
1002 2993 1099 3032 eas
1167 2994 1276 3034 non
1302 2979 1586 3052 signorum
1617 2984 1931 3052 merentis,

321 3069 426 3123 sed
455 3083 645 3124 eorum
699 3071 884 3126 auditu
938 3079 993 3128 et
1047 3073 1194 3130 fama
1225 3078 1378 3150 quasi
1434 3093 1553 3134 rere
1601 3079 1832 3150 quodam
1865 3081 1932 3134 de

321 3163 496 3236 longe
527 3163 798 3238 irrigavit,
836 3174 893 3222 et
920 3184 1121 3226 omnes
1154 3173 1404 3244 stupidos
1441 3190 1507 3230 ac
1544 3191 1663 3247 prae
1693 3177 1931 3230 admira-

321 3261 479 3317 tione
515 3261 822 3319 taciturnos
859 3265 1118 3324 reddidit.
1157 3271 1314 3327 Uude
1347 3281 1430 3328 est
1463 3287 1477 3328 :
1521 3274 1702 3347 Super
1747 3277 1936 3348 ipsum
1967 3285 2014 3348 ί]

324 3358 709 3416 continebunt
731 3377 886 3432 reges
906 3379 966 3420 os
985 3381 1178 3433 suum,
1194 3369 1324 3440 quia
1347 3369 1490 3441 quod
1508 3387 1622 3426 non
1643 3376 1727 3426 est
1741 3388 1935 3427 narra-

321 3458 452 3511 tum
468 3457 551 3512 eis
569 3456 858 3527 viderunt,
875 3465 932 3516 et
949 3463 1092 3536 quod
1103 3481 1218 3520 non
1232 3466 1544 3524 audierunt
1564 3471 1934 3538 contemplati

317 3548 482 3610 sunt,
515 3545 658 3602 sicut
711 3547 915 3606 ludatis
969 3561 1244 3608 narratum
1293 3553 1390 3610 fuit
1419 3555 1486 3610 de
1520 3572 1607 3623 eo,
1653 3565 1706 3612 et
1737 3557 1931 3613 audie-

321 3641 475 3686 runt.
530 3633 693 3703 Quod
736 3645 790 3689 et
836 3636 956 3708 ipse
994 3641 1263 3712 propheta
1305 3641 1608 3709 admirans,
1640 3645 1752 3700 ait:
1798 3647 1930 3714 Quis

317 3717 569 3772 credidit
621 3720 854 3778 auditui
897 3727 1112 3790 nostro,
1141 3730 1198 3780 et
1231 3726 1527 3784 brachium
1581 3729 1805 3784 Domini
1834 3733 1933 3786 cui

315 3807 642 3863 revelatum
675 3813 761 3863 est
788 3815 809 3866 t
849 3813 930 3867 Ac
972 3810 1022 3866 si
1071 3812 1314 3870 diceret:
1341 3815 1497 3871 Adeo
1524 3826 1655 3871 sunt
1686 3817 1930 3872 miranda

316 3917 441 3974 quae
468 3905 712 3973 praelico
741 3921 867 3964 esse
897 3917 1148 3976 ventura,
1179 3912 1326 3983 quod
1355 3913 1442 3968 vix
1474 3913 1576 3968 erit
1603 3914 1693 3986 qui
1717 3915 1930 3984 judicet

320 4015 450 4056 esse
481 4002 786 4072 credenda,
821 4005 1028 4063 scilicet
1067 4009 1210 4081 quod
1256 4009 1537 4066 brachium
1583 4012 1798 4068 Domini
1828 4012 1931 4067 de-

323 4098 456 4156 beat
485 4102 742 4170 revelari,
782 4103 839 4158 id
865 4112 948 4159 est
977 4104 1144 4160 Filius
1173 4106 1296 4178 ejus
1325 4107 1520 4164 debeat
1549 4109 1842 4177 incarnari,
1878 4121 1930 4165 et

318 4193 404 4248 sic
433 4208 531 4263 per
559 4200 894 4262 assumptum
907 4207 1130 4250 carnem
1153 4195 1354 4250 mundo
1373 4198 1658 4254 visihiliter
1686 4197 1926 4254 ostendi.

315 4283 390 4338 Et
405 4281 694 4345 ascendet,
716 4280 1047 4352 inquitstcut
1066 4285 1378 4352 virgultum
1398 4301 1588 4342 coram
1615 4292 1759 4348 eo.et
1783 4289 1932 4342 sicut

312 4371 492 4426 radix
532 4370 775 4426 deterru
827 4371 1082 4428 sitienti.
1129 4372 1389 4428 Videmus
1422 4375 1640 4446 quidem
1671 4375 1815 4446 quod
1861 4375 1930 4429 de

315 4476 474 4524 terra
525 4466 748 4532 sitienti,
808 4466 864 4522 id
910 4476 992 4523 est
1035 4468 1104 4525 de
1157 4477 1296 4526 terra
1353 4473 1528 4540 arida,
1588 4489 1765 4544 neque
1816 4471 1928 4528 vir-

317 4581 414 4638 ge,
471 4580 653 4638 neque
698 4565 852 4620 radix
907 4565 1032 4622 sine
1095 4567 1323 4624 humore
1376 4570 1550 4640 possit
1615 4569 1920 4642 procreari.

2045 2037 2331 2106 δοίνῖίιιῖιιη
2389 2053 2442 2098 et
2500 2049 2896 2102 corrcctioue'n
2954 2067 3118 2122 quam
3153 2061 3207 2106 ut
3241 2068 3428 2120 pacem
3462 2052 3636 2107 habe-

2047 2141 2230 2180 remus
2288 2133 2505 2199 passuri
2543 2151 2779 2206 eramus,
2831 2153 2926 2208 pro
2984 2139 3138 2192 nobis
3197 2139 3311 2210 ipse
3360 2139 3638 2209 sustinuit,

2046 2230 2104 2275 ut
2159 2225 2468 2284 misericors
2525 2239 2573 2287 et
2631 2233 2919 2305 benignus.
2980 2237 3132 2292 Unde
3185 2237 3446 2308 sequitur,
3509 2237 3640 2309 quia

2049 2315 2220 2371 livore
2241 2319 2360 2387 ejus
2377 2321 2569 2376 sanati
2598 2339 2720 2377 sum
2733 2340 2811 2388 us,
2851 2323 3020 2380 livore
3053 2325 3266 2381 scilicet
3294 2325 3637 2397 flagellorum

2048 2423 2102 2469 et
2139 2415 2440 2479 vulnerum.
2475 2435 2594 2489 qua:
2624 2435 2722 2489 pro
2754 2421 2910 2475 nobis
2939 2431 3019 2476 est
3044 2439 3360 2496 perpessus.
3382 2424 3512 2477 Item
3541 2439 3634 2478 se-

2047 2503 2258 2574 quitur;
2291 2505 2497 2562 Omnes
2527 2524 2624 2563 nos
2645 2510 2805 2578 quasi
2835 2525 2958 2565 oves
2979 2513 3328 2576 erravimus,
3360 2514 3414 2566 et
3451 2528 3634 2566 unus-

2047 2592 2278 2664 quisque
2299 2594 2361 2648 in
2378 2595 2525 2649 viam
2540 2612 2702 2651 suam
2714 2597 3035 2654 declinavit.
3061 2598 3206 2653 Oves
3227 2601 3424 2670 quippe
3439 2599 3637 2670 simpli-

2047 2679 2132 2734 cia
2190 2689 2239 2734 et
2294 2683 2643 2738 stolidissime
2702 2695 2826 2740 sunt.
2877 2687 3129 2741 animalia
3159 2696 3211 2742 et
3242 2704 3412 2759 vaga.
3447 2689 3506 2742 Et
3535 2705 3636 2744 nos

2047 2767 2194 2822 stulti
2216 2773 2379 2841 quasi
2397 2789 2522 2826 oues
2536 2775 2872 2838 erravimus,
2905 2776 3026 2846 quia
3055 2777 3228 2846 ipsum
3249 2777 3370 2846 quis
3389 2775 3470 2830 vel
3496 2792 3635 2848 qua-

2046 2853 2114 2908 lis
2141 2866 2284 2910 esset
2315 2875 2419 2913 non
2453 2861 2729 2926 novimus,
2768 2867 3147 2935 unusquisque
3173 2869 3367 2920 autem
3406 2864 3635 2919 inviam

2044 2968 2208 3008 suam
2235 2956 2560 3024 declinavit,
2600 2959 2702 3014 hoc
2733 2968 2838 3022 est,
2888 2962 3155 3017 doctrina:
3202 2962 3346 3018 illius
3376 2963 3463 3016 vix
3496 2962 3638 3016 ullus

2046 3042 2298 3107 credidit,
2324 3045 2418 3098 sed
2451 3063 2601 3100 suam
2635 3058 2868 3103 veterem
2902 3053 3024 3120 quis
3047 3067 3133 3122 [ue
3165 3051 3405 3105 retinuit.
3435 3051 3499 3104 Et
3529 3051 3636 3106 Do-

2041 3140 2234 3194 minus
2244 3143 2432 3211 posuit
2458 3143 2519 3198 in
2549 3160 2610 3198 eo
2632 3146 2993 3216 iniquitatem
3015 3150 3271 3204 omnium
3291 3148 3634 3215 nostrum,id

2041 3233 2142 3290 est,
2175 3229 2440 3299 originale
2484 3239 2784 3300 peccatum,
2817 3251 2924 3306 quo
2973 3237 3247 3291 irretimur
3292 3253 3504 3299 omnes,
3539 3252 3637 3307 per

2042 3331 2182 3380 eum,
2215 3315 2268 3370 id
2297 3325 2379 3372 est
2402 3334 2498 3388 per
2514 3320 2838 3390 baptismum
2863 3341 3022 3395 quem
3047 3324 3162 3394 ipse
3185 3326 3332 3380 dedit
3351 3325 3631 3390 Dominus,

2041 3404 2309 3459 condonat
2339 3413 2392 3461 et
2422 3407 2614 3464 abluit.
2650 3411 2884 3466 Coactus
2915 3417 2999 3467 est
3031 3418 3088 3468 et
3107 3414 3372 3486 afﬂictus,
3425 3417 3480 3469 ct
3517 3430 3633 3468 non

2040 3495 2268 3565 aperuit
2289 3512 2346 3549 os
2361 3511 2546 3563 sumn,
2570 3499 2787 3554 etsieut
2806 3516 2988 3570 agnus
3009 3502 3080 3556 art
3103 3503 3446 3558 occisionem
3470 3501 3634 3556 duce-

2043 3583 2157 3646 tur,
2181 3586 2411 3655 etquasi
2439 3588 2554 3642 ovis
2575 3601 2765 3642 coram
2797 3590 3063 3646 tondente
3086 3606 3146 3646 se
3173 3591 3543 3658 obmutescet,
3575 3594 3635 3646 et

2040 3684 2156 3724 non
2191 3673 2411 3742 aperiet
2447 3690 2505 3729 os
2542 3689 2728 3731 suum.
2763 3676 2875 3730 Hoc
2907 3684 3073 3732 totum
3104 3678 3494 3748 explanatione
3523 3693 3632 3732 non

2039 3756 2266 3830 indiget,
2301 3760 2409 3816 imo
2439 3764 2690 3818 omnibus
2707 3771 2788 3818 est
2810 3763 3180 3820 manifestum.
3207 3765 3450 3821 Christus
3480 3783 3631 3822 nam-

2039 3871 2144 3926 que
2167 3865 2290 3910 ante
2323 3858 2544 3914 Pilatum
2577 3860 2866 3928 adduclus,
2901 3861 3143 3935 falsoque
3173 3871 3480 3930 accusatus,
3514 3879 3632 3919 ver-

2042 3942 2286 4010 beratus,
2338 3947 2500 4000 etiam
2529 3955 2581 4000 et
2610 3949 2850 4019 colaphis
2881 3966 3074 4016 cmsus,
3128 3949 3402 4014 conticuit,
3437 3958 3492 4004 et
3525 3950 3630 4022 ipsi

2043 4031 2208 4086 Pilato
2239 4032 2484 4102 pluribus
2539 4052 2668 4090 eum
2719 4037 3089 4108 interroganti,
3143 4039 3369 4093 verbum
3412 4037 3502 4092 vix
3532 4037 3629 4091 ali-

2041 4120 2187 4189 quod
2210 4123 2512 4190 respondit.
2546 4125 2654 4180 Sed
2677 4126 2821 4196 quod
2853 4127 3131 4196 sequitur:
3165 4129 3240 4183 De
3274 4126 3539 4198 angustia
3571 4129 3628 4180 et

2029 4207 2250 4278 judicio
2271 4211 2528 4268 sublatus
2556 4220 2659 4278 est,
2703 4230 2802 4284 per
2843 4213 3114 4270 endiadim
3157 4215 3374 4272 dicitur.
3419 4217 3493 4270 De
3535 4231 3634 4269 an-

2037 4305 2228 4374 gustia
2257 4307 2402 4361 enim
2433 4308 2604 4380 inquit
2632 4314 2687 4365 et
2733 4311 2970 4382 judicio,
3005 4330 3102 4383 pro
3130 4313 3198 4368 de
3230 4321 3464 4383 angusto
3488 4311 3629 4380 judi-

2037 4393 2142 4447 cio.
2176 4395 2240 4449 Et
2271 4412 2370 4450 nos
2426 4397 2652 4466 quidem
2705 4409 2989 4471 angustum
3041 4402 3330 4470 judicium,
3357 4403 3626 4470 judicium

2038 4505 2298 4545 vocamus
2326 4493 2616 4562 injustum.
2642 4495 2886 4550 Christus
2919 4513 3054 4552 vero
3084 4500 3153 4554 de
3181 4507 3412 4571 angusto
3423 4498 3628 4568 judicio

2039 4578 2282 4636 sublatus
2313 4590 2414 4646 est,
2447 4581 2502 4635 id
2530 4591 2609 4636 est
2641 4601 2736 4652 per
2763 4595 3058 4656 angustum
3107 4596 3158 4642 et
3189 4587 3443 4655 injustam
3471 4587 3626 4656 judi-

317 4655 534 4710 Humor
559 4652 708 4708 enim
735 4653 893 4725 quasi
923 4669 1038 4710 mas
1069 4663 1154 4709 est
1180 4655 1352 4727 ipsius
1379 4639 1514 4713 soli.
1545 4639 1790 4713 Christus
1819 4674 1921 4713 au-
1953 4639 2009 4702 Ῐ)
2040 4667 2204 4732 cium,
2235 4685 2359 4725 cum
2381 4639 2509 4724 nihil
2527 4639 3050 4743 deliquissetocaptus
3063 4684 3170 4732 est.
3197 4639 3626 4732 ϐἓηδνιιιὶδηεηι

319 4751 435 4799 tem
473 4741 632 4814 quasi
661 4741 818 4798 radix
875 4751 966 4798 aut
1013 4743 1317 4816 virgultum
1363 4746 1432 4800 de
1462 4747 1613 4802 sicca
1657 4755 1796 4801 terra
1827 4763 1923 4802 co-

317 4847 440 4886 ram
467 4829 703 4886 Domino
731 4831 998 4895 ascendit,
1031 4847 1156 4888 cum
1214 4834 1284 4888 da
1311 4849 1476 4890 carne
1523 4835 1760 4907 Virginis
1807 4836 1923 4890 sine

319 4917 487 4974 maris
505 4918 703 4990 copula
726 4919 871 4975 Deus
894 4921 1050 4976 Pater
1069 4936 1194 4977 eum
1217 4923 1526 4993 progenuit.
1553 4922 1712 4992 Quod
1740 4932 1919 4978 autem

320 5007 672 5072 addidit,non
687 5011 774 5064 est
787 5009 998 5080 species
1013 5012 1066 5065 ei
1083 5027 1260 5082 neque
1274 5012 1440 5068 decor
1455 5013 1708 5077 et,vidim
1719 5031 1779 5068 as
1793 5030 1921 5068 eum

320 5099 378 5152 et
398 5113 514 5152 non
535 5100 661 5152 erat
691 5102 973 5168 aspectus,
1001 5097 1511 5156 etdesideraoimus
1543 5117 1670 5158 eum
1692 5103 1919 5173 despec-

323 5194 529 5260 lu-m,et
543 5191 912 5247 novissimum
929 5192 1200 5258 virorum,
1235 5183 1306 5248 ad
1327 5196 1612 5250 ostendam
1643 5196 1919 5251 humilita-

322 5290 428 5336 tem
457 5297 610 5336 suam
638 5279 871 5345 addidit,
903 5287 957 5335 et
983 5296 1199 5350 pompae
1224 5285 1512 5339 mundanre
1529 5290 1916 5355 contemptum.

321 5370 478 5437 Eum,
508 5369 706 5442 inquit,
740 5369 924 5424 virum
957 5370 1237 5426 dolorum.
1265 5371 1358 5424 Vir
1379 5390 1509 5427 sane
1539 5373 1792 5428 dolorum
1823 5374 1920 5428 fuit

318 5458 451 5532 ipse,
483 5459 617 5532 quia
646 5471 752 5513 nec
807 5457 861 5511 in
920 5457 1162 5526 infantia,
1199 5459 1280 5515 vel
1335 5461 1580 5530 pueritia,
1616 5478 1717 5517 nec
1745 5463 1797 5516 in
1822 5462 1920 5532 ju-

315 5557 548 5615 ventute,
608 5544 1010 5600 malevolorum
1081 5547 1292 5602 insidiis
1349 5548 1537 5614 caruit,
1595 5565 1660 5605 ac
1713 5550 1915 5620 labore,

311 5639 450 5698 unde
487 5647 542 5694 et
572 5631 810 5701 majoris
841 5631 996 5690 fnmze
1035 5633 1149 5700 fuit,
1181 5646 1233 5691 et
1263 5637 1486 5706 majoris
1519 5639 1744 5702 notitixie.
1772 5642 1916 5710 quod

301 5727 709 5800 estcognitum
731 5720 1098 5788 inﬁrmitate.
1127 5724 1224 5780 ilic
1252 5741 1488 5796 namque
1511 5743 1610 5796 per
1627 5725 1916 5783 inﬁrmita-

295 5823 399 5888 tem
433 5827 609 5883 istam
643 5815 787 5873 nihil
817 5816 961 5875 aliud
991 5821 1252 5890 propheta
1281 5821 1506 5893 intelligi
1537 5823 1721 5890 voluit,
1753 5841 1914 5895 quam

283 5916 543 5982 miserias
565 5917 631 5968 et
659 5904 906 5978 labores,
929 5921 1067 5980 quos
1083 5908 1380 5965 secundum
1398 5911 1617 5966 carnem
1643 5914 1695 5970 in
1712 5911 1914 5969 mundo

2035 4769 2154 4832 eius
2183 4769 2307 4840 quis
2353 4771 2641 4826 enarrabit
2664 4771 2691 4825 ‘l
2739 4771 2852 4825 lloc
2881 4773 3068 4842 utique
3123 4773 3192 4828 de
3235 4773 3418 4826 divina
3445 4789 3622 4844 gene-

2034 4864 2244 4920 ratione
2300 4883 2422 4937 qum
2469 4866 2884 4924 innenarrahilis
2919 4879 3080 4925 estet
3123 4869 3429 4934 inetl‘abilis,
3491 4885 3623 4942 pro-

2033 4961 2177 5027 tulit,
2211 4971 2262 5018 et
2291 4980 2387 5034 per
2416 4965 2518 5022 hoc
2548 4982 2670 5020 eum
2715 4967 2944 5022 futurum
3007 4969 3120 5023 fore
3165 4969 3335 5022 Deum
3387 4967 3624 5030 ostendit

2035 5057 2188 5112 Unde
2217 5067 2270 5114 et
2301 5063 2576 5131 sequitur:
2625 5065 2841 5119 Dioisus
2870 5071 2954 5122 est
2985 5066 3050 5122 (le
3095 5073 3249 5121 terra
3289 5066 3620 5121 viventium.

2031 5147 2173 5218 Prop
2182 5152 2268 5204 ter
2281 5153 2461 5206 scelus
2472 5154 2671 5223 pepuli
2683 5156 2794 5209 mei
2802 5156 2994 5225 pingat
3004 5173 3066 5210 us
3077 5158 3210 5226 fuit.
3222 5156 3363 5210 idem
3377 5155 3621 5224 estquod

2029 5245 2440 5314 superiusdixit,
2460 5251 2922 5320 ipsevulneratus
2934 5257 3018 5308 est
3038 5257 3265 5324 propter
3283 5254 3618 5325 iniquitates

2028 5345 2273 5403 nostras.
2297 5347 2538 5402 attritus
2560 5352 2646 5402 est
2660 5354 2890 5421 propter
2905 5353 3117 5408 scelera
3139 5357 3355 5408 nostra.
3375 5353 3442 5407 Et
3463 5353 3621 5408 dedit

2027 5458 2159 5498 cum
2181 5445 2372 5515 impiis
2391 5447 2749 5516 sepulturam
2773 5467 2954 5516 suam,
2973 5457 3028 5507 et
3043 5471 3172 5508 cura
3192 5453 3458 5510 divitibus
3475 5468 3622 5509 mor-

2028 5543 2141 5595 tem
2157 5556 2342 5595 suum.
2370 5541 2696 5610 Cumimpiis
2726 5554 2779 5600 et
2807 5547 3071 5604 divitibus
3095 5551 3238 5603 idem
3261 5553 3373 5604 est.
3414 5549 3618 5608 Divites

2026 5635 2224 5708 quippe
2255 5637 2415 5705 hujus
2443 5638 2648 5704 mundi,
2683 5657 2821 5710 pene
2851 5653 3042 5699 omnes
3071 5645 3220 5714 impii
3253 5647 3614 5716 sunt(.ilattlt.

2025 5749 2117 5790 xu
2146 5735 2312 5800 ;Luc.
2348 5752 2477 5789 xvm
2501 5756 2514 5801 ;
2543 5737 2566 5788 Ι
2590 5740 2724 5793 Tim.
2749 5742 2844 5808 vi).
2872 5744 3028 5812 Apud
3060 5744 3273 5797 Jurlieos
3296 5754 3472 5798 autem
3502 5751 3618 5800 erat

2023 5833 2384 5894 consuetudo,
2421 5832 2616 5888 imnios
2651 5843 2702 5886 et
2726 5851 2826 5904 pro
2852 5837 3032 5908 aliqua
3065 5839 3280 5894 seniore
3312 5857 3416 5894 suo
3446 5840 3619 5894 inter-

2028 5919 2216 5986 rectos,
2249 5919 2408 5975 extra
2430 5920 2874 5978 communionem
2908 5925 3182 5982 hominum
3214 5924 3439 5998 sepeliri
3462 5934 3620 5982 caete-
