3966 6414
479 395 586 458 83b

1395 395 1602 452 PETRI
1643 395 2001 452 ALPHONSI
2039 393 2140 453 ΕΧ
2176 393 2416 452 ωολΕο
2455 393 2856 452 (ΖΗῐὶΙΞΤΙΛΝῐ

3703 399 3831 455 636

484 535 696 588 rvit-nm.
737 519 804 578 Et
832 519 1086 580 Christus
1123 535 1243 578 cum
1278 519 1478 590 impiis,
1530 519 1581 576 id
1625 527 1710 574 est
1750 533 1872 576 cum
1903 517 2078 579 latru-
2108 518 2164 579 Α
2195 518 2524 589 conscripto,
2561 519 2614 575 in
2637 519 2742 576 isto
2770 537 2934 595 quem
2963 519 3144 580 dicitis
3175 519 3394 578 venisse
3423 521 3669 590 homine,
3695 540 3831 582 non

482 609 647 677 nibus
674 615 758 666 est
785 607 1103 674 cruciﬁxus,
1136 617 1188 664 et
1221 617 1490 673 mortuus,
1543 615 1599 662 et
1635 615 1797 662 extra
1827 621 2086 670 commu-

481 721 608 765 nem
639 705 968 776 sepulturam
984 705 1250 775 sepultus,
1277 707 1408 762 licet
1420 703 1791 776 iniquitatem
1811 720 1926 761 non
1939 706 2088 776 fece-

483 793 579 856 rit.
629 806 734 848 nec
774 790 938 848 dolus
974 791 1158 861 fuerit
1193 791 1256 847 in
1293 805 1388 846 ore
1446 805 1591 858 ejus.
1653 788 1754 844 sed
1801 787 1878 845 ita
1921 789 2090 851 voluit

481 877 763 942 Dominus,
822 879 962 936 sicut
1010 878 1288 949 scriptum
1345 885 1428 933 est
1482 877 1536 932 in
1589 877 1988 949 sequentibus:
2025 880 2088 938 Et

483 963 754 1020 Dominus
788 963 967 1020 voluit
990 978 1120 1019 eum
1145 966 1438 1020 conterere
1471 963 1526 1018 et
1554 961 1841 1029 inﬁrmari
1865 1002 1881 1028 ,
1922 962 1974 1020 id
2006 969 2091 1018 est

484 1051 614 1128 pati.
637 1052 696 1112 Si
734 1051 986 1122 posuerit
1026 1067 1126 1124 pro
1139 1055 1368 1125 peccato
1397 1051 1654 1108 animam
1671 1067 1856 1118 suam,
1877 1049 2092 1106 videbit

477 1155 690 1208 semen,
731 1149 838 1199 etc.
883 1139 1098 1194 Scimus
1144 1138 1390 1211 profecto
1419 1138 1570 1212 quod
1611 1138 1907 1209 antiquitus
1937 1137 2091 1194 Scri-

477 1237 635 1310 ptura
665 1227 994 1288 sacriﬁcium
1042 1228 1188 1300 quod
1233 1241 1337 1300 pro
1381 1235 1609 1297 peccato
1651 1227 1832 1290 fiebat,
1884 1225 2092 1298 peccati

477 1317 694 1375 nomine
725 1317 1068 1388 appellabat.
1101 1316 1257 1372 Unde
1288 1323 1341 1370 ct
1382 1316 1470 1372 hic
1501 1317 1766 1386 prepheta
1809 1315 1938 1370 dicit
1965 1333 1978 1368 :
2021 1314 2092 1370 Si

475 1407 754 1476 posueris,
795 1405 1047 1471 Domine,
1095 1407 1353 1460 animam
1399 1408 1580 1465 tuam.
1612 1404 1665 1458 id
1717 1412 1821 1470 est,
1853 1402 2092 1458 animum

477 1491 697 1558 Christi,
736 1509 838 1566 pro
867 1498 1127 1568 peccato,
1179 1493 1233 1547 id
1279 1500 1381 1552 est.
1415 1509 1512 1566 pro
1543 1492 1751 1564 peccati
1799 1490 2088 1556 sacriﬁcio.

478 1589 578 1645 hoc
607 1592 706 1650 est.
743 1592 789 1648 si
839 1607 938 1662 pro
994 1601 1222 1664 peccato
1283 1599 1472 1645 nostro
1533 1588 1952 1654 sacriﬁcabitur,
2006 1605 2092 1644 se-

483 1696 615 1736 men
645 1679 873 1746 videbit,
916 1680 971 1736 id
1027 1688 1129 1746 est,
1190 1695 1379 1736 semen
1433 1695 1716 1752 magnum,
1750 1687 1802 1734 et
1833 1678 2084 1734 haeredes

491 1769 692 1824 multos
724 1769 943 1824 habebit
995 1769 1070 1840 (Il
1091 1771 1218 1825 Cor.
1258 1771 1335 1832 v).
1373 1768 1437 1823 Et
1484 1768 1731 1822 Christus
1761 1784 1862 1840 per
1914 1767 2090 1823 sacri-

2193 615 2321 661 sunt
2349 607 2624 680 completa
2654 611 2682 664 ‘2

2270 706 2505 771 Pin-pus.
2540 705 2675 776 Qum
2693 709 2722 765 ‘i

2267 823 2519 877 Morsns.
2558 822 2700 877 Dicit
2729 823 2932 895 quippe
2961 823 3032 880 de
3059 821 3277 880 Christo
3305 823 3454 879 idem
3495 824 3700 880 Isaias:
3743 825 3824 880 Bt

2185 915 2468 986 iudicabit
2486 920 2702 986 gentes,
2721 919 2776 972 et
2790 923 2990 989 arguet
3005 920 3236 990 populos
3251 919 3477 983 multos.
3507 923 3562 976 et
3582 921 3824 988 conﬂa-

2196 1005 2338 1060 bunt
2355 1005 2575 1076 gladios
2592 1022 2721 1061 suos
2739 1006 2803 1061 in
2825 1021 3090 1072 vomeres,
3111 1012 3167 1062 et
3184 1006 3410 1063 lanceas
3444 1024 3577 1064 suas
3607 1009 3673 1064 in
3691 1009 3824 1080 fat-

2197 1108 2288 1149 σεε
2322 1110 2336 1148 :
2363 1109 2478 1149 non
2511 1093 2714 1150 levabit
2735 1106 2871 1165 gens
2899 1099 3102 1152 contra
3124 1100 3354 1166 gentem
3376 1095 3654 1167 gladium,
3693 1108 3821 1152 nec

2197 1183 2618 1240 exercebantur
2636 1183 2883 1240 ultraad
2907 1184 3318 1255 przeliumtlsa.
3343 1185 3422 1254 ιι).
3459 1185 3520 1239 Et
3539 1184 3821 1256 haecqui-

2197 1271 2322 1326 dem
2343 1271 2588 1328 nondum
2609 1273 2878 1343 completa
2905 1281 3053 1342 sunt,
3089 1287 3212 1345 quas
3233 1280 3352 1342 post
3373 1273 3816 1328 Christiadven-

2196 1378 2308 1425 tum
2340 1370 2527 1441 procul
2556 1370 2722 1426 dubio
2751 1370 3194 1441 complebuntur.
3234 1371 3418 1443 Usque
3453 1370 3617 1426 hodie
3650 1370 3818 1426 enim

2198 1475 2394 1542 gentes
2423 1467 2491 1522 ad
2521 1467 2752 1523 invicem
2784 1467 3130 1539 proeliantur.

2274 1594 2513 1648 Perses.
2551 1592 2629 1650 Tu
2675 1592 2821 1668 quod
2867 1592 3004 1647 dicis
3043 1591 3316 1672 quomodo
3354 1591 3554 1648 dictum
3585 1591 3656 1646 sit
3691 1608 3818 1648 non

2199 1681 2456 1752 respicis.
2499 1681 2688 1751 Neque
2719 1681 2863 1736 enim
2893 1679 3022 1734 illud
3041 1679 3186 1752 quod
3217 1680 3820 1750 esl,con/lnbuntgla-

2197 1773 2315 1828 dios
2331 1785 2458 1827 suos
2470 1770 2534 1826 in
2549 1783 2823 1834 vomeres,
2845 1777 2904 1826 et
2920 1772 3150 1826 lam-rm
3168 1785 3302 1824 suas
3317 1771 3377 1824 tu
3397 1769 3574 1838 falces
3606 1771 3812 1824 etnon

461 1853 661 1911 licium
678 1857 932 1928 corporis
951 1857 1056 1920 sui,
1079 1865 1134 1912 et
1153 1865 1388 1911 mortem
1411 1872 1590 1920 suam,
1613 1872 1800 1910 semen
1818 1871 2082 1929 magnum
2112 1873 2162 1932 Β
2198 1862 2407 1924 levabit
2430 1875 2568 1932 gens
2581 1862 2786 1915 contra
2807 1863 3032 1929 gentem
3045 1859 3436 1930 gladium,nec
3453 1856 3813 1913 exerceban-

476 1952 632 2020 vidit,
668 1959 724 2009 et
753 1954 1002 2009 hteredes
1031 1953 1350 2025 permultos,
1382 1961 1436 2007 et
1479 1953 1793 2024 elongatum
1825 1960 1908 2006 est
1938 1962 2079 2006 tem-

475 2067 594 2124 pus,
639 2059 690 2109 et
721 2050 970 2108 voluntas
1012 2049 1230 2106 Domini
1277 2049 1329 2104 in
1373 2066 1445 2104 eo
1493 2049 1766 2122 completa
1799 2048 1947 2103 fuit:
1992 2049 2081 2106 Ec

476 2139 660 2196 labore
675 2140 1018 2198 animast-ua?
1029 2139 1253 2202 videbit.
1269 2143 1326 2194 et
1348 2139 1734 2194 saturabitur.
1761 2140 1842 2194 Ac
1863 2135 1912 2191 si
1936 2137 2082 2192 dice-

474 2233 594 2281 ret:
632 2228 792 2285 Adeo
825 2228 1094 2282 laborabit
1143 2227 1325 2282 anima
1357 2242 1478 2291 sua,
1515 2227 1660 2298 quod
1701 2242 1824 2281 cum
1873 2225 2082 2280 videbit

470 2309 718 2366 laborem
765 2311 916 2366 illum
962 2312 1089 2383 quia
1120 2317 1304 2365 tantus
1360 2309 1473 2377 fuit,
1507 2310 1858 2374 saturabitur,
1888 2310 1942 2364 id
1975 2319 2077 2378 est,

473 2408 674 2464 nimius
703 2407 804 2464 sibi
835 2409 1127 2468 videbitur.
1156 2407 1300 2464 sicut
1328 2408 1491 2464 hodie
1511 2407 1675 2464 eliam
1707 2407 1923 2466 dicitur.
1961 2415 2081 2462 tan-

474 2505 585 2551 tum
634 2497 832 2567 pertuli
881 2498 1014 2552 mali
1063 2505 1115 2552 et
1160 2498 1449 2570 angustias,
1490 2497 1638 2570 quod
1671 2506 1823 2551 satus
1852 2494 2078 2552 eli‘ectus

471 2596 594 2636 sum
624 2580 775 2636 inde.
818 2581 883 2636 Et
913 2580 1159 2636 Christus
1206 2580 1486 2652 angustias
1525 2590 1577 2634 et
1618 2581 1836 2635 labores
1881 2579 2078 2636 nimios

473 2677 758 2734 sustinuit.
787 2678 848 2733 1η
866 2678 1110 2736 scientia
1127 2678 1586 2750 suajusti/icabit
1601 2678 1832 2750 justum
1849 2678 2074 2744 multis,

475 2766 580 2822 hoc
606 2774 689 2820 est
719 2781 817 2837 per
845 2766 1128 2822 scientiam
1153 2782 1308 2821 suam
1329 2766 1557 2838 eumqui
1589 2767 1863 2833 estjustus
1885 2770 2076 2822 osten-

472 2859 564 2918 det
591 2861 770 2916 multis
793 2861 1003 2932 justum
1037 2879 1159 2918 esse
1193 2862 1486 2918 Dominus.
1528 2863 1776 2918 Christus
1806 2874 1982 2918 autem
2019 2868 2074 2918 et

463 2949 646 3020 justus
690 2949 808 3015 fuit,
874 2959 928 3005 et
982 2967 1112 3007 eum
1155 2951 1364 3022 justum
1413 2968 1536 3007 esse
1601 2953 1863 3006 Dominus
1896 2953 2076 3008 multis

470 3038 728 3094 ostendit.
764 3037 874 3094 Sed
907 3047 960 3094 et
989 3040 1134 3111 quod
1167 3041 1432 3112 sequitur,
1448 3041 1856 3114 etiniquitates
1879 3058 2076 3098 eorum

467 3128 584 3198 ipse
623 3129 892 3200 portabit,
939 3128 1088 3184 idem
1143 3138 1226 3184 est
1256 3129 1400 3202 quod
1441 3130 1696 3200 superius
1736 3129 1892 3194 dixit,
1947 3146 2075 3186 vere

472 3227 775 3301 languores
794 3233 1016 3284 nostros
1041 3228 1160 3294 ipse
1196 3230 1350 3292 tulit,
1365 3232 1421 3283 et
1455 3227 1674 3284 dolores
1698 3233 1920 3286 nostros
1947 3231 2071 3300 ipse

465 3325 734 3396 portavit.
755 3325 898 3388 Ideo,
934 3323 1113 3396 inquit
1145 3324 1426 3390 Dominus,
1456 3327 1810 3397 participare
1837 3330 2074 3398 eum/a-

465 3423 613 3482 ctam
631 3422 692 3480 in
712 3422 1002 3494 plurimis,
1027 3427 1231 3477 etcum
1251 3423 1498 3493 fortibus
1521 3420 1746 3477 deridet
1771 3423 1971 3494 spolia.
2011 3423 2074 3477 lit

465 3509 707 3567 Christus
736 3509 788 3567 in
845 3509 1092 3580 plurimis
1151 3509 1511 3582 participavit.
1561 3511 1689 3580 quia
1723 3509 1789 3564 de
1823 3510 2072 3582 plurimis

464 3607 720 3677 gentibus
748 3607 1102 3668 crediderunt
1131 3607 1186 3666 in
1213 3624 1336 3666 eum
1371 3607 1549 3667 multi.
1592 3609 1657 3664 Et
1687 3623 1752 3666 cu
1777 3625 1807 3662 η
1845 3607 2072 3666 fortibus

463 3694 643 3766 spolia
670 3695 871 3762 divisit,
904 3695 1032 3776 quia
1060 3711 1186 3754 cum
1209 3695 1543 3774 principibus
1577 3695 1771 3754 inferni
1804 3697 1894 3768 qui
1925 3713 2074 3756 mun-

464 3789 594 3848 dum
643 3790 804 3846 istum
847 3791 1233 3868 spoliaverunt,
1301 3790 1457 3864 quasi
1508 3790 1752 3860 praedam
1812 3792 2066 3861 partitus,

457 3895 668 3956 partem
700 3901 852 3948 suam
883 3885 1204 3953 asportavit,
1230 3885 1450 3958 quando
1467 3901 1566 3940 eos
1597 3884 1690 3957 qui
1721 3885 1897 3955 ipsum
1931 3902 2068 3940 ven-

459 3976 640 4029 turum
663 3984 788 4028 esse
817 3968 1184 4032 crediderant.
1215 3969 1272 4024 in
1295 3969 1344 4024 le
1373 3968 1594 4038 eripuit.
1632 3969 1739 4042 Seq
1767 3969 1924 4024 ~itur:
1961 3971 2066 4024 Pro

457 4074 521 4115 eo
540 4057 682 4131 quod
697 4058 935 4116 tradidit
962 4058 1023 4116 in
1047 4061 1289 4116 mortem
1325 4057 1582 4114 animam
1617 4075 1800 4114 suam.
1835 4057 2066 4114 Causun

455 4170 588 4218 sane
631 4155 841 4224 repetit,
895 4170 1065 4226 «mare
1095 4154 1150 4212 iu
1180 4154 1431 4225 plurimis
1480 4155 1849 4230 participavit,
1909 4155 2060 4210 vide-

457 4249 583 4316 licet
637 4251 765 4322 quia
818 4266 893 4308 ex
942 4252 1108 4308 nimia
1163 4252 1364 4322 pietate
1420 4268 1514 4306 sua
1571 4268 1668 4322 pr.)
1726 4252 1913 4310 inundi
1973 4269 2065 4307 re-

455 4347 773 4417 demptione
802 4349 942 4405 mori
997 4349 1276 4406 sustinuit.
1332 4351 1466 4408 Item
1511 4349 1776 4420 sequitur.
1822 4351 1890 4406 Et
1934 4365 2064 4406 cum

460 4451 754 4507 sceleratis
782 4455 1142 4524 computatur
1182 4455 1284 4506 est.
1341 4451 1404 4507 Et
1446 4451 1718 4518 Christus,
1751 4451 1888 4506 sicin
1920 4467 2063 4520 prm-

2191 1961 2289 2012 tur
2301 1953 2397 2010 ult
2413 1965 2471 2002 ra
2485 1947 2556 2000 ad
2572 1945 2995 2016 pratliummon,
3009 1947 3254 2019 inquam,
3270 1946 3402 2000 illud
3416 1945 3552 1999 dixit
3565 1943 3812 2015 prophe-

2191 2050 2392 2125 ta,quld
2409 2049 2630 2106 ficturae
2642 2051 2971 2116 suntgentes
2987 2043 3316 2107 enat-rando,
3333 2041 3430 2096 sed
3448 2041 3569 2112 quid
3589 2055 3808 2111 praece-

2187 2149 2384 2214 pturus
2414 2139 2484 2194 sit
2520 2136 2771 2192 Christus
2813 2132 3178 2188 ostendendo.
3240 2131 3712 2202 quemadmodum
3743 2139 3803 2184 et

2188 2239 2320 2296 alibi
2349 2233 2648 2292 Zacharias
2687 2229 2819 2288 dicit
2859 2230 2930 2285 de
2959 2230 3117 2300 ipso:
3153 2229 3221 2284 Et
3260 2227 3540 2301 loquetur,
3593 2227 3797 2298 inquit,

2185 2344 2382 2402 pacem
2421 2324 2680 2398 gentibus
2720 2321 2912 2391 (Zach.
2945 2320 3058 2383 Ix):
3119 2317 3267 2373 Sicut
3313 2315 3458 2372 enim
3507 2316 3592 2370 hic
3623 2315 3695 2370 de
3727 2329 3798 2370 eo

2188 2417 2332 2491 quod
2360 2429 2554 2488 pacem
2612 2411 2685 2466 sit
2741 2416 3114 2488 pmoepturus
3163 2407 3357 2477 (toan.
3407 2405 3546 2475 xiv),
3578 2403 3795 2460 dictum

2189 2532 2310 2572 esse
2342 2509 2722 2582 intelligimus,
2757 2509 2834 2562 ita
2862 2513 2914 2561 et
2944 2504 3054 2559 ibi:
3088 2519 3251 2574 quam
3281 2517 3405 2558 cum
3428 2509 3480 2557 et
3511 2503 3628 2573 ipse
3662 2518 3800 2588 prte-

2185 2609 2411 2692 ceperit,
2434 2609 2478 2664 si
2511 2607 2838 2677 completum
2872 2619 2980 2658 non
3013 2609 3118 2669 est,
3150 2602 3309 2673 culpa
3339 2601 3454 2671 ejus
3483 2601 3630 2656 nulla
3670 2601 3793 2658 fuit.

2257 2738 2508 2794 Morsns.
2547 2731 2690 2790 Dicit
2714 2730 2859 2796 enim
2894 2727 3225 2788 Hieremias:
3253 2728 3316 2788 In
3349 2727 3540 2784 diebus
3562 2727 3706 2794 illis,
3737 2727 3794 2786 id

2185 2835 2268 2884 est
2293 2822 2834 2886 Ctnisti.satvabilur
2854 2818 2997 2875 Iuda
3033 2821 3091 2872 et
3113 2815 3285 2872 Israel
3308 2815 3584 2872 habitabit
3619 2817 3793 2892 conﬁ-

2183 2923 2582 2988 denterUlicr.
2611 2917 2796 2981 mn).
2831 2914 2940 2969 Sed
2973 2921 3025 2968 et
3046 2915 3148 2968 hoc
3177 2927 3395 2988 quoque
3426 2911 3667 2966 nondum
3701 2923 3790 2968 est

2185 3018 2534 3090 completum,
2571 3013 2716 3092 quod
2773 3019 2894 3082 post
2925 3009 3161 3066 hominis
3209 3009 3356 3063 illius
3405 3024 3566 3079 quem
3623 3007 3787 3062 Chri-

2184 3115 2329 3166 stum
2359 3105 2558 3168 dicitis,
2593 3099 2857 3175 compleri
2890 3097 3093 3162 debuit,
3120 3096 3164 3151 si
3197 3096 3440 3152 Christus
3482 3101 3646 3162 esset,
3681 3097 3784 3156 ad—

2106 3225 2154 3288 C
2185 3207 2426 3257 ventum.
2458 3193 2599 3248 Juda
2652 3205 2889 3264 namque
2931 3195 2984 3243 et
3034 3186 3227 3250 Israel,
3279 3185 3456 3242 adhuc
3482 3185 3536 3240 in
3568 3185 3783 3242 miseria

2182 3294 2234 3341 et
2265 3283 2579 3356 captivitate
2609 3289 2717 3336 est.

2255 3393 2491 3448 Penus.
2528 3384 2821 3442 Promissio
2841 3399 2972 3438 sane
2995 3381 3122 3448 ista,
3150 3396 3184 3436 ο
3217 3380 3450 3452 Moyses,
3486 3380 3568 3436 eis
3599 3381 3780 3436 dunta-

2181 3489 2280 3542 xat
2319 3489 2404 3535 est
2450 3479 2611 3540 facta,
2659 3475 2751 3548 qui
2793 3474 2861 3527 de
2910 3471 3075 3526 Israel
3114 3467 3375 3526 credituri
3417 3473 3574 3524 erant
3619 3479 3774 3542 atque

2177 3572 2204 3630 J
2214 3571 2336 3633 uda,
2353 3569 2493 3624 unde
2517 3565 2642 3621 etin
2675 3559 2972 3619 incredulis
2995 3575 3102 3613 non
3121 3567 3205 3612 est
3230 3559 3773 3630 complcta,qucmad-

2180 3667 2400 3726 modum
2457 3662 2656 3746 pupulo
2704 3657 2874 3716 Israel
2905 3658 2972 3712 de
3025 3656 3272 3746 ᾸὲεδγριοΔ
3306 3656 3524 3746 educto,
3557 3655 3769 3730 quidam

2178 3757 2306 3826 quia
2362 3741 2728 3826 peccaverunt
2761 3757 2813 3802 et
2843 3763 2879 3801 a
2909 3747 3193 3818 praeceptis
3255 3741 3466 3799 Domini
3523 3761 3765 3802 recesse-

2179 3855 2302 3902 runt
2358 3853 2562 3899 terram
2621 3837 2998 3910 promissionis
3055 3849 3164 3887 non
3222 3831 3560 3888 intraverunt
3599 3833 3758 3902 (Psal.

2176 3951 2340 3997 xcw;
2384 3933 2556 3989 Num.
2605 3929 2740 3990 xlv),
2773 3940 2961 3998 quam
2991 3921 3238 3993 promisit
3284 3919 3547 3998 Dominus
3599 3914 3760 3998 Moysi

2174 3993 2364 4060 dicens
2404 4019 2417 4058 :
2459 4001 2755 4057 Descendit
2795 3993 2865 4052 ut
2901 3996 3198 4056 liberarem
3235 4009 3367 4049 eum
3404 3993 3476 4048 de
3512 3996 3760 4050 manibus

2175 4094 2580 4165 Ejyptiorum,
2596 4093 2652 4145 et
2670 4087 2967 4143 educerem
2978 4082 3045 4139 de
3069 4086 3225 4138 terra
3247 4083 3354 4140 illa
3380 4084 3442 4139 iu
3465 4088 3668 4139 terram
3683 4084 3757 4139 bo-

2175 4202 2378 4256 namct
2393 4197 2702 4269 speciosam
2721 4191 2928 4265 (Exod.
2977 4191 3083 4259 Ill),
3115 4187 3227 4242 imo
3257 4203 3449 4244 omnes
3478 4188 3532 4244 in
3554 4189 3756 4246 deserto

2181 4287 2383 4344 mortui
2415 4293 2559 4340 sunt.

2247 4393 2486 4448 Morses.
2537 4391 2672 4445 Item
2719 4387 2888 4448 aliud.
2941 4385 3105 4466 quod
3135 4385 3375 4440 nondum
3425 4382 3754 4455 completum,

2173 4483 2316 4556 quod
2349 4486 2402 4536 in
2433 4481 2674 4536 adventu
2724 4476 2925 4533 Christi
2955 4473 3294 4546 prophetavit
3338 4473 3504 4528 [salus
3535 4490 3650 4530 esse
3676 4475 3756 4530 lu-

460 4545 716 4611 diximns,
747 4563 871 4608 cum
913 4547 1198 4602 sceleratis
1229 4555 1313 4602 est
1354 4557 1718 4618 computatus,
1767 4549 1895 4618 quia
1937 4564 2060 4602 cum
2103 4579 2154 4640 ι)
2181 4545 2380 4628 ίωηηη.
2406 4571 2485 4624 Ai,
2514 4569 2659 4624 enim
2681 4585 2693 4622 ε
2719 4545 3001 4622 Humum;
3032 4545 3201 4636 mpm
3226 4578 3359 4618 cum
3373 4577 3534 4635 agno,
3567 4569 3754 4637 διρην-

459 4643 764 4698 latronibus
803 4653 887 4699 est
929 4659 1262 4715 suspensus.
1317 4645 1385 4700 Et
1421 4646 1538 4717 ipse
1575 4649 1878 4716 peccatum
1907 4645 2065 4700 mut-

461 4746 669 4806 torum,
700 4756 808 4795 non
827 4741 1070 4798 omnium
1096 4743 1256 4810 tulit,
1277 4742 1404 4812 quia
1431 4757 1537 4796 non
1563 4757 1775 4807 omnes,
1799 4743 1894 4796 sed
1930 4741 2068 4796 mul-

457 4850 544 4898 tos
563 4839 895 4896 salviiicavit.
915 4845 1050 4898 Item
1073 4844 1346 4914 sequitur:
1389 4843 1458 4896 Et
1507 4858 1607 4914 pro
1635 4845 2069 4913 transgressori-

457 4932 810 5003 busrogrtbit.
848 4933 1098 4986 Christus
1151 4941 1336 4987 autem
1379 4947 1484 5002 pro
1533 4932 2071 4998 transgressionibus

460 5030 695 5100 rogavit,
718 5030 944 5099 quando
965 5044 1062 5098 pro
1081 5029 1539 5099 cruciﬁgentibus
1559 5044 1618 5082 sa
1641 5030 1813 5084 oravit
1850 5030 2066 5085 dicens:

461 5132 653 5197 Pater,
667 5130 892 5186 dimitte
904 5132 1004 5195 eis,
1021 5144 1137 5186 non
1149 5131 1302 5186 enim
1316 5131 1510 5185 sciunt
1525 5129 1659 5201 quid
1673 5132 1789 5200 foci
1799 5135 1900 5185 tm!
1913 5132 2066 5196 (Luc.

461 5235 642 5301 xxm).
665 5229 804 5300 Quia
821 5231 1003 5302 igitur,
1028 5246 1061 5286 ο
1092 5232 1328 5302 Moyses.
1353 5243 1414 5285 et
1443 5239 1658 5301 tempus
1680 5239 1732 5286 ct
1759 5233 1862 5286 alia
1887 5233 2070 5287 omnia

459 5343 582 5400 quae
608 5327 679 5383 de
707 5329 925 5384 Christo
958 5329 1236 5400 prophetas
1285 5327 1676 5400 praedicarunt,
1712 5330 1764 5382 in
1811 5345 1878 5384 eo
1909 5345 2069 5401 quem

457 5428 636 5497 ipsum
668 5427 839 5484 fuisse
859 5430 1161 5496 credimus,
1193 5430 1290 5483 sed
1322 5438 1377 5484 et
1420 5429 1472 5483 in
1507 5431 1697 5483 verbis
1732 5431 1854 5498 ejus
1881 5431 2069 5499 Operi-

459 5516 676 5587 busque
721 5526 1025 5588 patuerunt,
1080 5527 1228 5588 patet
1262 5533 1460 5573 revera
1497 5534 1620 5572 eum
1665 5519 1782 5588 jam
1833 5520 2065 5585 venisse,

459 5629 564 5671 nec
590 5613 762 5671 debes
786 5616 902 5686 jam
931 5617 1060 5672 inde
1091 5617 1323 5673 ulterius
1353 5615 1625 5674 duliitarc.

535 5767 787 5824 MOYSBS.
827 5767 971 5823 Satis
992 5767 1240 5848 ἰηιυῖιίεο
1263 5770 1405 5842 quod
1427 5769 1632 5824 dixisti.
1673 5770 1778 5824 Sed
1800 5769 1842 5826 si
1875 5770 1946 5824 ita
1962 5775 2063 5834 cst,

466 5878 566 5924 cur
593 5875 797 5923 cetera
825 5865 1006 5920 omnia
1038 5883 1158 5940 quo:
1187 5867 1254 5924 dc
1289 5867 1501 5921 Christo
1531 5869 1582 5922 in
1615 5868 1897 5942 prophetis
1947 5876 2071 5922 sunt

2177 4669 2280 4726 dus
2312 4685 2441 4726 cum
2474 4665 2630 4724 haedo
2659 4661 2992 4730 (incubabit;
3029 4660 3267 4727 vitulus,
3315 4664 3372 4715 et
3405 4662 3506 4726 leo,
3537 4665 3592 4716 et
3629 4663 3750 4728 oris,

2178 4767 2352 4826 simul
2387 4767 2779 4826 morabuntur,
2809 4765 2864 4818 et
2909 4773 3053 4834 puer
3077 4755 3356 4830 parvulus
3379 4757 3614 4814 minabit
3641 4775 3751 4823 eos;

2181 4867 2395 4924 vitulus
2408 4869 2462 4919 et
2477 4879 2646 4918 ursus
2663 4863 2992 4928 pascentur,
3017 4855 3194 4912 simul
3216 4857 3566 4928 requiescent
3591 4861 3750 4915 catuli

2181 4979 2396 5032 eorum,
2435 4963 2492 5018 et
2534 4961 2616 5016 leo
2659 4959 2820 5034 quasi
2849 4958 2937 5012 bos
2982 4951 3236 5009 comedet
3270 4953 3469 5024 paleas
3501 4954 3632 5022 (Ira.
3665 4973 3746 5029 x1;

2181 5065 2334 5130 va).

2252 5169 2490 5224 Pes-nus.
2537 5162 2865 5222 Stultissime
2921 5159 3184 5226 omnium.
3245 5175 3280 5218 o
3335 5160 3740 5232 Moyses.intel-

2179 5265 2306 5335 ligls
2355 5273 2410 5317 tu
2463 5262 2625 5317 istam
2669 5259 3007 5332 simpliciter,
3069 5266 3128 5316 ut
3185 5258 3362 5330 positu
3397 5267 3498 5322 est.
3534 5260 3742 5331 proprio-

2181 5354 2310 5408 tiam
2339 5352 2367 5406 Ψ

2257 5460 2505 5514 Morsu-2s.
2547 5457 2724 5512 Etiam
2740 5497 2752 5510 .

2255 5573 2501 5628 PETRL‘S.
2538 5569 2594 5624 lu
2627 5586 2693 5624 eo
2725 5585 2925 5640 nempe
2946 5565 3130 5624 col-dis
3163 5568 3240 5626 tui
3272 5578 3416 5642 patet
3448 5571 3666 5626 inscitia.
3693 5569 3742 5629 Si

2181 5673 2347 5736 enim,
2393 5679 2447 5724 ut
2497 5666 2654 5734 dicis,
2708 5666 2866 5738 lupus
2909 5683 3096 5738 pacem
3132 5683 3239 5726 non
3285 5670 3484 5724 habent
3519 5667 3610 5722 nisi
3637 5683 3734 5722 cum

2178 5793 2346 5852 agno,
2379 5791 2480 5832 nec
2513 5774 2714 5844 pardus
2745 5773 2848 5829 nisi
2885 5790 3008 5830 cum
3043 5775 3216 5840 haedo,
3269 5792 3370 5832 nec
3413 5775 3499 5832 leo
3535 5775 3621 5834 nisi
3640 5790 3736 5828 cum

2181 5885 2284 5924 ove
2319 5875 2371 5922 et
2406 5863 2594 5928 vitulo,
2627 5861 2754 5934 quid
2790 5863 3026 5935 proderit
3067 5863 3190 5920 tnlis
3231 5861 3636 5928 confoederatio?
3663 5865 3731 5918 ln-
