3966 6468
210 396 284 460 831

1803 441 2118 499 DlALOGl.

3501 454 3605 525 eas

209 540 443 649 aufugit
474 566 808 631 namque
881 571 943 617 et
973 562 1127 637 lupus
1157 563 1393 632 biedum,
1451 573 1503 619 et
1531 563 1617 621 leo
1672 581 1888 641 agnum,

2011 572 2110 627 tua
2129 586 2241 625 non
2264 572 2557 631 minuetur
2591 590 2603 625 :
2634 569 2681 624 si
2717 572 2839 641 hoc,
2876 574 3123 647 inquam,
3159 575 3227 633 ita
3284 576 3602 649 simpliciter

210 625 252 674 ει
275 629 492 695 pardus
529 625 748 701 ovem
792 664 875 706 ac
900 625 1150 706 vitulum.

282 754 565 820 \lm'ses.
614 768 972 849 Quomodo
1003 789 1137 850 ergo
1157 775 1306 833 illam
1337 776 1599 848 intelligis
1624 778 1656 831 εἲ

288 878 547 946 Putatis.
585 886 735 945 Nos
772 905 927 951 sane
957 907 1056 960 per
1084 892 1283 946 bestias
1327 892 1450 953 illas
1482 910 1601 962 quae
1631 894 1819 964 rapina
1848 900 1901 949 et

234 983 395 1025 carne
417 972 668 1041 vivunt,
744 977 964 1047 impios
994 979 1242 1033 homines
1296 980 1671 1052 intelligimus,
1706 989 1759 1035 et
1816 995 1903 1039 ra-

239 1067 426 1141 ptores
459 1075 478 1130 ',
515 1078 633 1133 per
688 1066 952 1136 reliquas
983 1082 1113 1129 varo
1143 1068 1404 1138 pecudes,
1465 1077 1783 1123 mansueto.
1839 1084 1904 1123 ac

242 1148 558 1225 simplices,
596 1162 655 1215 et
690 1152 771 1213 de
835 1153 949 1208 illis
980 1155 1118 1215 dixit
1148 1156 1416 1227 propheta
1445 1157 1597 1229 quod
1655 1156 1902 1213 Christus

253 1254 354 1297 eos
384 1238 559 1299 simul
610 1240 886 1303 habitare
943 1258 1008 1298 ac
1053 1258 1242 1315 pacem
1302 1247 1503 1298 habere
1558 1244 1897 1317 praeciperet.

250 1327 420 1398 Quod
456 1336 658 1383 autem
702 1329 819 1385 hoc
850 1330 920 1385 de
953 1331 1261 1386 hominibus
1286 1331 1517 1407 intelligi
1567 1332 1813 1397 voluerit,
1846 1332 1898 1385 in

261 1428 654 1499 sequentibus
690 1428 935 1482 insinuat
965 1431 1249 1500 propheta.
1274 1448 1392 1487 eum
1426 1432 1727 1503 subjungit,
1767 1434 1897 1504 quia

266 1519 503 1588 repleta
524 1521 612 1572 est
630 1521 795 1572 terra
834 1519 1080 1573 scientia
1118 1520 1347 1574 Domini
1393 1521 1524 1588 (lsa.
1568 1526 1668 1574 χιι.
1707 1520 1898 1591 Neque

264 1613 427 1667 enim
457 1613 566 1668 hoc
594 1621 834 1684 propter
864 1613 1104 1683 pecudes
1161 1614 1294 1669 dixit
1326 1632 1446 1687 qum
1469 1632 1590 1670 cum
1623 1631 1723 1670 nec
1780 1616 1895 1670 ani-

260 1717 428 1755 mam
482 1701 725 1755 habeant
780 1701 1125 1768 rationalem,
1184 1718 1287 1758 nec
1335 1702 1553 1758 Domini
1611 1704 1894 1759 scientiam

258 1790 493 1845 habere
523 1792 783 1861 possunt,
835 1789 888 1845 id
918 1798 1002 1845 est
1059 1791 1275 1845 Domini
1335 1791 1723 1862 cognitionem.
1783 1793 1895 1848 Sed

255 1878 345 1932 ad
384 1876 549 1947 hujus
583 1885 784 1932 vestrae
829 1893 997 1948 super
1026 1879 1305 1949 prohetam
1361 1880 1519 1934 istam
1579 1881 1893 1953 intelligen-

258 1966 381 2021 tim
408 1966 875 2029 destructionem,
909 1967 1171 2021 dixerunt
1200 1969 1455 2024 doctores
1488 1969 1653 2023 vestri
1686 1970 1891 2023 nullam

265 2054 439 2109 inter
467 2063 687 2125 tempus
735 2054 1058 2109 moderatim
1091 2064 1143 2110 et
1171 2064 1381 2127 tempus
1410 2056 1611 2112 Christi
1667 2056 1891 2111 futuram

247 2164 412 2208 esse
443 2151 789 2212 distantiam.
842 2151 950 2208 nisi
979 2153 1124 2224 quod
1156 2154 1283 2223 ejus
1313 2161 1561 2223 tempore
1616 2154 1894 2226 captivitao

282 2257 398 2296 om
431 2254 658 2299 omnem
677 2240 904 2299 axibitis
934 2248 1095 2308 atque
1125 2242 1429 2301 miseriam.

348 2364 610 2419 Marses.
643 2362 784 2419 Ecce
828 2362 957 2418 item
971 2363 1118 2419 aliud
1154 2364 1309 2420 Isaiae
1329 2365 1474 2437 quod
1493 2365 1735 2421 nondum
1783 2365 1892 2420 sci-

239 2469 401 2508 mus
435 2452 771 2521 completum
803 2468 972 2515 esse;
1022 2452 1152 2508 dicit
1206 2453 1477 2524 siquidem
1527 2463 1581 2508 et
1623 2454 1740 2524 ipse
1776 2470 1790 2507 :
1828 2454 1893 2507 Et

242 2542 391 2597 erit
419 2542 532 2596 tua:
550 2539 707 2594 lunae
722 2541 875 2595 sicut
890 2540 995 2596 tua:
1015 2542 1150 2596 solis
1172 2546 1227 2596 et
1247 2542 1352 2597 tua:
1366 2545 1502 2598 solis
1523 2543 1634 2598 erit
1662 2546 1889 2612 septem-

242 2630 526 2702 pliciter
545 2629 693 2683 sicut
712 2628 818 2683 tua:
834 2631 1048 2699 septem
1065 2628 1376 2692 diemm.in
1399 2630 1488 2685 die
1506 2647 1613 2701 qua
1631 2630 1894 2700 alligave-

246 2719 351 2774 rit
384 2717 670 2773 Dominus
698 2718 908 2772 vulnus
934 2718 1127 2788 populi
1154 2719 1244 2773 sui
1276 2718 1412 2787 (lsa.
1454 2724 1607 2787 xxx).

347 2845 607 2900 Parens.
639 2844 759 2903 Non
792 2851 878 2899 est
931 2860 1070 2915 gens
1127 2845 1182 2901 in
1215 2850 1329 2903 toto
1387 2846 1588 2905 mundo
1646 2846 1895 2902 stolidior

250 2932 471 2993 vobis,
506 2931 599 3002 qui
630 2930 828 3002 putatis
854 2932 998 3002 quod
1019 2948 1221 3009 corpus
1253 2933 1337 2989 vel
1368 2933 1550 2989 lumen
1567 2934 1711 2989 luna:
1744 2936 1894 2995 Deus

250 3027 485 3090 augeat
512 3019 630 3075 sive
658 3019 793 3075 solis
827 3036 841 3073 :
876 3019 956 3075 sol
988 3021 1131 3077 enim
1163 3021 1209 3076 si
1241 3032 1483 3092 quantus
1512 3031 1753 3078 nuucest
1782 3038 1895 3083 ma-

242 3107 368 3181 jor
404 3115 623 3163 tantum
653 3116 802 3163 esset
830 3107 1143 3178 dupliciter,
1168 3115 1336 3167 totum
1369 3109 1616 3181 proiecto
1631 3111 1889 3169 mundum

254 3196 659 3264 combureret,
695 3212 763 3257 ne
811 3211 937 3253 cum
972 3198 1017 3252 si
1074 3198 1534 3269 septempliciter;
1568 3199 1713 3271 quod
1736 3200 1780 3253 si
1838 3208 1892 3254 et

2012 656 2430 729 intelligeretur,
2474 660 2684 719 scilicet
2743 670 2795 715 ut
2827 662 2961 721 solis
3017 664 3281 733 splendor
3312 666 3397 727 vel
3458 665 3603 729 lunae

2014 745 2152 803 foret
2181 747 2503 812 continuus,
2537 764 2644 805 non
2676 759 2820 809 esset
2835 750 2950 820 jam
2982 751 3100 811 dies
3129 753 3210 808 vel
3244 769 3374 819 nox,
3395 755 3603 811 mensis

2011 833 2096 889 vel
2126 848 2321 899 annus,
2352 851 2473 905 quae
2503 836 2679 897 omnia
2722 853 2787 892 ex
2819 840 2953 897 solis
2981 856 3045 895 ac
3077 840 3220 899 lunia
3274 842 3605 912 proveniunt

2012 920 2505 978 vicissitudinibus.
2548 924 2693 994 Ergo
2720 942 2826 980 non
2858 927 3131 981 immerito
3159 929 3229 982 de
3273 929 3394 983 luce
3414 929 3604 999 etglo-

2012 1006 2092 1061 ria
2121 1007 2245 1063 fidei
2278 1018 2480 1065 nostra:
2521 1026 2641 1083 quae
2669 1028 2846 1087 neque
2905 1015 3180 1070 minuetur
3210 1031 3313 1075 noc
3367 1017 3600 1083 occidet,

2013 1096 2364 1169 spiritualiter
2394 1098 2598 1155 dictum
2632 1099 3014 1174 intelligimus.

2084 1203 2332 1259 Morses.
2368 1203 2508 1272 Quid
2531 1214 2611 1259 est
2641 1205 2803 1261 etiam
2826 1209 2972 1280 quod
3002 1209 3184 1269 adhuc
3214 1210 3345 1265 dicit
3377 1211 3551 1271 Isaias
3584 1219 3598 1256 ε

2020 1292 2169 1347 Tunc
2193 1292 2397 1351 videbis
2428 1298 2483 1349 et
2511 1295 2737 1365 afﬁnes,
2771 1300 2826 1351 et
2856 1299 3164 1357 mirabitur
3184 1302 3238 1355 et
3252 1299 3595 1355 dilatabitur

2010 1383 2308 1441 cortuum.
2341 1381 2565 1451 quando
2594 1400 2863 1439 conversa
2883 1388 3063 1453 fuerit
3095 1386 3167 1441 ad
3216 1392 3270 1441 te
3290 1388 3597 1447 multitudo

2010 1470 2207 1535 maris,
2249 1470 2531 1539 fortitudo
2575 1474 2834 1541 gentium
2866 1476 3084 1529 venerit
3141 1476 3261 1540 tibi,
3294 1476 3597 1532 inundatio

2007 1558 2354 1611 camelorum
2386 1559 2598 1630 operiet
2633 1564 2707 1627 te,
2743 1562 3084 1619 'Jromedarii
3110 1563 3349 1627 Madian,
3374 1568 3428 1617 et
3450 1563 3588 1633 Effci,

2007 1648 2063 1698 et
2076 1661 2270 1700 omnes
2286 1646 2351 1700 de
2367 1646 2507 1701 Saba
2524 1648 2770 1713 venient,
2796 1666 3004 1704 aurum
3025 1657 3080 1705 et
3104 1650 3235 1705 thus
3255 1652 3594 1722 deferentes,

2005 1736 2061 1786 et
2095 1731 2319 1788 laudem
2365 1735 2596 1790 Domino
2626 1739 3050 1793 annuntiantes
3072 1737 3101 1791 Ρ
3130 1739 3261 1807 (Isa.
3293 1741 3414 1809 ιχ.)
3471 1740 3597 1795 flare

2003 1822 2145 1874 enim
2177 1822 2341 1876 etiam
2370 1823 2609 1877 nondum
2643 1834 2780 1880 sunt
2810 1836 3216 1881 consummata.

1928 1914 1978 1975 Β
2078 1927 2317 1982 Parens.
2352 1929 2739 1991 Consummata
2765 1947 2898 1989 sane
2927 1931 3146 1989 fuerunt
3175 1941 3419 2004 tempore
3451 1941 3595 1990 tem-

2005 2013 2080 2084 pli
2112 2016 2357 2082 secundi,
2392 2018 2540 2088 quod
2573 2018 2856 2079 fabricavit
2888 2022 3026 2079 Ezra
3058 2038 3120 2076 ex
3147 2030 3422 2092 prmeepto
3446 2022 3593 2093 Cyri,

2005 2110 2144 2158 teste
2196 2107 2403 2176 Aggere
2434 2108 2723 2177 propheta,
2759 2108 2849 2178 qui
2870 2109 2971 2163 ait:
2991 2110 3126 2165 Herc
3153 2110 3291 2167 dicit
3324 2112 3597 2169 Dominus

2004 2190 2148 2247 Deus
2162 2196 2525 2250 exercituum
2559 2212 2573 2249 :
2609 2195 2801 2252 Adhuc
2839 2198 3125 2255 modicum
3151 2202 3330 2262 est,et
3344 2214 3437 2269 ego
3456 2214 3596 2255 com-

2002 2281 2220 2336 movebo
2251 2283 2452 2341 caelum
2479 2287 2536 2338 et
2567 2287 2805 2348 terram,
2827 2302 2986 2340 mare
3018 2291 3073 2340 et
3089 2286 3331 2344 aridam.
3360 2289 3431 2343 Et
3486 2301 3598 2343 mo-

2006 2365 2131 2417 vebo
2162 2381 2353 2420 omnes
2368 2380 2582 2437 gentes,
2602 2373 2656 2425 et
2676 2371 2902 2427 venient
2924 2370 3241 2426 desiderata
3256 2374 3596 2431 cunctarum

2002 2455 2355 2523 gentium,et
2388 2456 2625 2528 implebo
2655 2457 2879 2513 domum
2903 2458 3071 2512 istam
3095 2458 3294 2528 gloria,
3351 2459 3487 2516 dicit
3502 2461 3596 2513 Do-

2003 2542 2196 2601 minus
2226 2545 2608 2605 exercituum.
2651 2546 2848 2615 Magna
2866 2546 2974 2601 erit
2992 2546 3177 2616 gloria
3207 2548 3404 2603 domus
3426 2549 3596 2605 istius

2004 2630 2323 2689 novissimae
2333 2632 2463 2703 plus
2491 2649 2659 2705 quam
2684 2634 2909 2704 primat,
2933 2633 3071 2690 dicit
3104 2634 3373 2691 Dominus
3387 2636 3598 2691 exerci-

2005 2719 2189 2771 tuum.
2222 2718 2291 2771 Et
2324 2718 2384 2773 in
2418 2720 2534 2776 loco
2568 2721 2675 2775 isto
2707 2721 2843 2775 dabo
2885 2737 3105 2791 pacem,
3138 2722 3278 2776 dicit
3330 2724 3596 2783 Dominus

2002 2806 2365 2863 exercituum
2404 2809 2563 2879 (Agg.
2598 2820 2695 2877 xi).
2744 2809 2814 2863 Et
2866 2807 3066 2881 quippe
3116 2826 3239 2879 quae
3275 2809 3347 2864 ibi
3381 2810 3599 2866 dixerat

2004 2892 2171 2946 Isaias
2203 2893 2316 2949 fore
2341 2905 2595 2960 ventura,
2630 2900 2868 2968 Aggmus
2899 2896 3122 2969 quidem
3150 2896 3204 2950 in
3230 2897 3431 2967 templo
3453 2898 3597 2970 quod

1995 2978 2117 3047 jam
2152 2989 2398 3052 tempore
2421 2998 2518 3037 suo
2552 2983 2872 3038 remdiiicari
2921 2992 3193 3054 cwperat,
3243 2985 3415 3041 innuit
3469 3002 3597 3042 esse

2002 3069 2350 3139 complenda.

2071 3175 2315 3229 Movsas.
2352 3176 2533 3230 Potest
2563 3177 2815 3249 equidem
2838 3195 2960 3235 esse
2983 3190 3037 3234 ut
3068 3179 3231 3235 dicis.

252 3284 469 3347 lumen
500 3284 624 3353 ejus
644 3284 1074 3355 septempliciter
1139 3267 1313 3353 majus
1343 3295 1509 3352 esset,
1568 3267 1755 3345 oculos
1787 3288 1889 3343 uti-
1923 3267 1971 3327 (ἶ
2073 3281 2306 3337 ΡΕτιωε.
2334 3281 2440 3337 Sed
2472 3282 2582 3349 dic,
2613 3300 2646 3338 ο
2675 3285 2909 3355 Moyses,
2946 3287 3073 3356 quid
3103 3294 3186 3340 est
3216 3286 3358 3357 quod
3391 3286 3598 3359 aitAg-

255 3388 385 3444 que
414 3382 631 3428 nostros
652 3372 826 3432 nimio
853 3373 1136 3442 splendore
1165 3375 1507 3433 obtenderet.
1531 3375 1693 3433 Lunae
1710 3376 1880 3431 etiam

255 3460 471 3514 lumen
502 3459 548 3515 si
571 3460 867 3531 splendore
898 3461 1039 3516 solis
1070 3477 1172 3532 par
1213 3462 1385 3528 fieret,
1419 3480 1578 3519 nemo
1602 3464 1719 3533 jam
1750 3464 1887 3521 ultra

257 3549 615 3623 quiesceret,
662 3564 887 3620 semper
917 3550 1119 3605 etenim
1169 3550 1287 3605 dies
1320 3559 1490 3607 esset.
1530 3552 1634 3605 Per
1683 3551 1887 3606 lunaris

259 3637 453 3708 igitur
481 3635 619 3691 lucis
648 3637 763 3691 sive
793 3636 992 3697 solaris
1022 3647 1390 3711 augmentum,
1419 3639 1587 3694 voluit
1617 3642 1888 3711 prOpheta

259 3724 520 3797 intelligi
553 3724 718 3780 fidem
751 3734 804 3781 et
840 3725 1433 3796 gloriaminChristum
1467 3728 1884 3787 crediturorum.

258 3830 363 3883 Ac
388 3825 474 3884 sic
493 3825 699 3882 diceret
729 3844 743 3880 :
777 3824 941 3881 Fides
962 3826 1178 3882 illorum
1214 3836 1265 3882 et
1294 3827 1468 3899 gloria
1527 3829 1891 3901 multipliciter

258 3914 467 3985 major
494 3915 596 3970 erit
626 3923 679 3969 et
732 3914 1072 3991 perlucidior
1130 3933 1290 3989 quam
1343 3917 1754 3972 modernorum.
1822 3918 1885 3972 Et

262 4004 431 4079 quod
454 4019 560 4058 non
583 4003 652 4063 de
685 4003 814 4059 luna
846 4003 930 4057 vel
960 4004 1076 4059 sole
1107 4003 1209 4058 isto
1245 4005 1465 4070 visibili,
1501 4006 1597 4061 sed
1629 4008 1697 4060 de
1726 4006 1886 4061 Chri-

262 4092 590 4157 stianorum
620 4090 956 4155 credulitatis
985 4091 1165 4164 gloria
1186 4102 1237 4147 et
1269 4093 1562 4164 splendore
1624 4096 1887 4165 propheta

266 4179 569 4250 loquatur,
601 4179 656 4234 in
705 4178 1062 4251 sequentibus
1092 4185 1320 4239 testatur
1376 4197 1496 4237 cum
1555 4181 1884 4255 subjungit:

268 4268 408 4323 Non
422 4269 533 4323 erit
553 4267 917 4341 tibiamplius
947 4268 1029 4322 sol
1045 4267 1115 4323 ad
1136 4268 1445 4323 tacendum
1482 4270 1763 4342 perdiem,
1785 4287 1887 4325 nec

270 4355 559 4428 splendor
577 4357 730 4411 lunre
744 4356 1094 4410 illuminabit
1111 4356 1234 4420 tibi,
1252 4357 1347 4412 sed
1361 4360 1471 4417 erit
1496 4358 1595 4413 tibi
1612 4357 1889 4413 Dominus

265 4448 343 4501 in
364 4447 550 4500 lucem
564 4447 1057 4517 sempiternam,et
1075 4447 1220 4500 Deus
1238 4449 1371 4500 tuus
1386 4446 1447 4500 in
1464 4448 1704 4515 gloriam
1731 4455 1885 4502 tuam

265 4538 335 4591 et
351 4550 471 4588 non
483 4533 693 4588 occidet
711 4534 869 4587 ultra
880 4534 968 4586 sul
985 4537 1136 4597 tuus,
1153 4538 1209 4588 et
1229 4535 1368 4589 luna
1391 4539 1491 4590 tua
1512 4550 1621 4589 non
1665 4535 1891 4591 minue-

1996 3385 2169 3441 gaeus,
2188 3386 2395 3445 magna
2416 3373 2528 3428 erit
2548 3373 2727 3444 gloria
2742 3374 2937 3430 domus
2953 3376 3117 3430 istius
3132 3375 3451 3433 novissime
3463 3395 3481 3444 ι
3506 3378 3595 3431 lus

1996 3475 2164 3529 quam
2186 3460 2385 3535 prima:
2406 3458 2435 3512 .9
2456 3460 2513 3517 ln
2545 3476 2654 3532 quo
2680 3461 2824 3517 enim
2856 3464 3050 3517 domus
3080 3463 3401 3518 novissimis
3423 3465 3597 3533 major

1996 3546 2091 3600 fuit
2123 3563 2280 3617 quam
2313 3548 2498 3616 primae
2528 3548 2729 3621 gloria,
2761 3565 2883 3605 cum
2913 3550 2968 3605 in
3003 3551 3307 3609 novissima
3339 3567 3447 3609 non
3473 3555 3595 3611 tue-

1997 3634 2105 3689 rint
2134 3635 2223 3691 illa
2265 3636 2507 3706 pretiosa
2562 3637 2799 3709 insignia
2830 3654 2952 3712 quae
3007 3638 3229 3697 fuerunt
3280 3640 3333 3693 in
3367 3640 3538 3711 prima
3567 3642 3595 3694 ‘l

1997 3723 2135 3777 Nam
2165 3740 2342 3796 neque
2371 3740 2502 3779 arca
2535 3725 2749 3780 Domini
2791 3726 2888 3780 fuit
2917 3729 2968 3782 in
3001 3728 3261 3793 secunda,
3295 3744 3394 3783 nec
3424 3729 3593 3785 ratio-

1998 3812 2106 3865 nali
2139 3812 2220 3867 usi
2252 3821 2373 3867 sunt
2420 3813 2471 3869 in
2506 3829 2590 3879 ea,
2624 3830 2726 3870 nec
2754 3816 2899 3869 venit
2922 3816 2996 3869 ibi
3028 3815 3169 3887 ignis
3216 3817 3285 3871 de
3305 3816 3445 3873 cmlo
3502 3818 3593 3890 qui

1997 3908 2349 3964 combureret
2378 3909 2711 3976 holocausta,
2755 3928 2858 3966 nec
2892 3911 2986 3966 fuit
3015 3920 3145 3967 tunc
3191 3913 3456 3982 temporis
3484 3930 3593 3968 uu-

1997 4005 2115 4051 ctus
2143 4005 2234 4051 aut
2265 3999 2546 4068 propheta,
2571 4007 2621 4053 et
2648 3999 2749 4053 alia
2779 4000 2909 4061 item
2935 4000 3352 4072 quamplurima.

2067 4104 2327 4157 Movsas.
2369 4103 2447 4158 De
2469 4104 2574 4158 hoc
2595 4104 2780 4176 utique
2812 4106 3108 4173 nescimus,
3142 4104 3246 4163 nisi
3278 4107 3422 4178 quod
3443 4123 3470 4167 a
3501 4107 3597 4165 do-

1995 4191 2453 4247 ctoribusnostris
2499 4193 2823 4258 audivimus,
2885 4194 2983 4249 sed
3005 4205 3059 4248 et
3113 4194 3216 4266 ipsi
3249 4194 3381 4248 nihil
3440 4195 3588 4250 aliud

1997 4280 2274 4344 dixerunt,
2309 4279 2413 4334 nisi
2471 4280 2614 4357 quod
2646 4282 2842 4336 domus
2896 4283 3139 4338 secunda
3191 4284 3381 4338 decem
3438 4283 3595 4338 annis

1997 4366 2299 4435 permansit
2320 4368 2521 4422 diutius
2554 4383 2713 4440 quam
2748 4369 2940 4440 prima.

2068 4492 2313 4551 Parens.
2358 4491 2489 4549 Haec
2510 4492 2751 4564 profecto
2783 4493 2936 4551 nulla
2966 4502 3051 4549 est
3075 4495 3279 4568 gloria.

271 4622 556 4695 tur,quia
606 4621 877 4677 Dominus
901 4621 1721 4695 eritinlucemsempiternam
1751 4624 1882 4694 (lsa.
1912 4616 1965 4676 D
2068 4615 2314 4669 MOYSBs.
2382 4614 2533 4688 Ergo
2562 4618 2802 4689 Aggteus
2848 4618 3038 4689 procul
3093 4617 3260 4672 dubio
3290 4625 3372 4673 est
3427 4634 3586 4673 men-

269 4725 399 4787 Lx).
435 4721 576 4774 Nam
619 4719 663 4772 si
694 4719 764 4774 de
795 4716 876 4773 sol
932 4720 1017 4774 vel
1047 4718 1172 4773 luna
1229 4721 1448 4791 preprie
1493 4720 1725 4784 diceret,
1786 4723 1889 4776 hoc

269 4808 503 4883 quidem
535 4807 679 4879 quod
709 4807 859 4871 dicit,
903 4824 1019 4862 non
1050 4808 1161 4863 erit
1192 4809 1293 4863 tibi
1314 4809 1562 4881 amplius
1592 4809 1676 4863 sol
1697 4809 1770 4865 ad
1808 4811 1889 4865 tu-

271 4897 525 4954 cendum
543 4913 644 4969 per
670 4896 840 4960 diem,
857 4912 959 4951 nec
972 4895 1238 4969 splendor
1271 4897 1789 4953 tunleilluminabit
1810 4900 1881 4962 te,

274 4985 359 5040 illi
388 4985 535 5059 quod
563 4998 726 5056 supra
757 4984 966 5038 dixerat
996 4982 1326 5038 contrarium
1353 4992 1518 5049 esset,
1546 4988 1656 5040 erit
1676 4986 1886 5041 scilicet

279 5074 391 5130 lux
408 5075 558 5129 sicut
575 5073 909 5136 tuxsolis,et
925 5075 1035 5128 erit
1053 5073 1703 5145 septempliciter,.Patet
1719 5074 1887 5145 igitur

277 5172 406 5243 quia
435 5170 504 5231 de
531 5168 828 5241 splendore
876 5177 925 5223 et
957 5167 1139 5241 gloria
1196 5168 1319 5224 fidei
1352 5176 1559 5225 sanctae
1620 5171 1884 5227 Ecclesia:

276 5262 542 5337 propheta
573 5256 660 5313 hic
716 5256 974 5328 loquitur,
1005 5255 1150 5327 quod
1206 5267 1260 5311 et
1289 5274 1355 5312 ex
1416 5260 1885 5330 consequentibus

277 5336 617 5431 designatur,
661 5360 789 5401 cum
821 5342 1095 5409 subditur,
1134 5346 1351 5401 sederit
1374 5346 1476 5401 tibi
1520 5346 1789 5403 Dominus
1820 5351 1885 5402 in

279 5454 457 5519 lucem
475 5450 911 5525 sempiternam,
928 5449 985 5501 et
1013 5447 1158 5502 Deus
1177 5452 1307 5502 tuus
1323 5451 1383 5502 in
1412 5449 1655 5518 gloriam
1698 5453 1878 5504 tuam.

278 5548 354 5601 Ac
382 5543 428 5601 si
488 5542 708 5595 diceret
739 5553 753 5588 :
789 5534 1153 5617 Nequaquam
1184 5536 1405 5589 ulterius
1437 5540 1555 5589 luce
1584 5537 1881 5591 credelita-

275 5631 339 5686 iis
370 5636 577 5684 vestrae
609 5619 806 5688 hujus,
840 5634 958 5687 quae
978 5618 1171 5671 similis
1217 5628 1300 5674 est
1329 5619 1463 5674 solis
1494 5619 1647 5675 istius
1695 5631 1881 5675 trans-

255 5729 417 5795 itorii,
446 5725 537 5778 vel
571 5720 728 5773 luna:
750 5713 1060 5783 indigebitis
1095 5714 1419 5786 fulgoribus,
1475 5718 1646 5785 gloria
1681 5718 1883 5791 quippe

259 5820 396 5882 lucis
425 5827 550 5871 sure
582 5820 694 5862 vos
710 5801 1391 5858 :eternaliterilluminabit
1455 5805 1737 5859 Dominus.
1773 5808 1881 5861 Sed
1908 5860 1917 5871 κ

264 5933 285 5971 ε
308 5906 480 5984 iquoj
515 5890 812 5968 sequitur,
845 5905 953 5944 non
986 5891 1369 5948 occidetultra
1398 5894 1718 5960 soltuus,et
1743 5896 1881 5949 luna

2000 4702 2148 4758 titus.

2072 4809 2304 4863 Parens.
2340 4808 2514 4864 Absit.
2537 4809 2645 4865 Sed
2665 4809 2715 4864 in
2739 4810 2845 4866 hoc
2904 4809 2998 4865 fuit
3028 4825 3229 4881 magna
3260 4810 3461 4866 domus
3495 4829 3593 4868 no-

1996 4896 2235 4951 vissimze
2263 4897 2441 4967 gloria
2497 4914 2659 4970 cpiam
2682 4900 2887 4968 primae,
2940 4900 3085 4970 quod
3149 4899 3294 4953 venit
3346 4899 3593 4955 Christus

1995 4987 2176 5039 adhuc
2197 5001 2264 5039 ea
2323 4994 2522 5048 stante.
2556 4986 2712 5056 cujus
2740 4988 3006 5041 adventus
3058 4986 3238 5056 major
3265 4986 3365 5042 fuit
3420 4988 3593 5059 gloria

1994 5089 2155 5144 quam
2185 5073 2282 5127 illa
2327 5074 2639 5144 supradicta
2693 5076 2873 5129 omnia
2922 5075 3183 5131 habuere.
3234 5076 3341 5131 Sed
3364 5084 3418 5131 et
3463 5078 3588 5141 hoc,

1994 5162 2040 5215 si
2071 5161 2264 5231 placet,
2298 5161 2550 5216 subtilius
2579 5163 2750 5217 multo
2780 5179 3077 5234 possumus
3104 5164 3594 5235 intelligere,scili-

1993 5254 2081 5304 eet
2110 5250 2255 5321 quod
2304 5251 2373 5305 de
2402 5250 2592 5306 eadem
2646 5252 2813 5307 domo
2868 5251 3070 5308 dictum
3126 5252 3215 5318 sit,
3270 5254 3591 5309 novissima

1992 5355 2156 5419 atque
2194 5349 2413 5420 prima»,
2469 5348 2541 5403 de
2575 5349 2694 5418 ejus
2738 5350 2984 5406 videlicet
3037 5350 3310 5421 principio
3339 5358 3394 5405 et
3447 5349 3580 5405 fine.

1991 5437 2125 5490 Nam
2157 5452 2277 5491 cum
2293 5438 2441 5491 circa
2459 5435 2620 5492 finem
2637 5437 2756 5508 ejus
2778 5439 3022 5493 Christus
3038 5438 3325 5494 advenerit
3356 5440 3586 5509 (Coloss.

1992 5531 2351 5595 it),perquem
2392 5525 2828 5593 etinipsadomo
2857 5527 3034 5582 deitas
3072 5527 3353 5594 habitavit,
3410 5528 3591 5598 gloria

1993 5614 2184 5684 utique
2210 5613 2364 5680 cujus
2394 5612 2691 5667 novissimo
2717 5616 3002 5686 plusquam
3034 5615 3212 5685 primo
3239 5631 3440 5685 magna
3458 5615 3582 5673 fuit.

1991 5709 2160 5777 Cujus
2189 5709 2384 5763 Christi
2442 5710 2678 5763 adventu
2709 5711 2889 5764 omnia
2921 5726 3041 5781 qum
3081 5720 3130 5765 et
3162 5712 3333 5766 Isaias
3378 5712 3508 5767 dicit
3538 5720 3591 5765 et

1991 5802 2506 5868 Aggrrustestatur,
2559 5808 2679 5850 sunt
2712 5798 3002 5867 completa.
3064 5798 3189 5869 Ipso
3221 5800 3423 5870 quippe
3482 5801 3586 5853 ado

1990 5895 2259 5958 veniente,
2294 5896 2460 5948 maris
2495 5895 2778 5949 lllllllilUdO
2807 5905 2860 5949 et
2891 5904 3057 5950 lenae
3089 5898 3156 5951 ed
3188 5912 3307 5950 eum
3340 5903 3421 5951 est
3450 5911 3587 5950 con-
