3966 6398
471 411 578 472 639

1403 403 1606 460 PETRI
1644 400 1996 458 ALPHONSI
2033 401 2134 457 EX
2169 399 2412 458 ΗΠ).Εο
2453 400 2847 458 CIIRISTIANI

3687 393 3818 452 640

477 551 664 606 versa:
756 533 974 599 οωιυῐην
1049 529 1226 596 lenus:
1306 536 1360 584 ει
1442 527 1635 594 maria:
1722 532 1848 615 sum
1912 523 2357 598 com‘Atnum.
2392 541 2474 596 Illi
2495 551 2675 598 autem
2700 538 3196 615 malignispiritus,
3229 535 3428 594 diaboli
3451 535 3519 594 ab
3547 505 3826 592 homini-

478 634 654 683 mota.
693 625 992 688 Commota,
1021 621 1262 692 inquam,
1289 625 1430 682 sunt,
1463 617 1517 671 id
1549 623 1632 670 est
1660 614 1786 670 εαξιὶ
1833 622 1886 668 et
1916 623 2078 668 terra:

483 723 537 772 et
564 715 900 770 habitatores
928 708 1282 773 exsultarunt,
1313 714 1364 761 et
1393 705 1754 776 undecunque
1805 703 2076 758 Hierusa—

483 805 592 860 lem
623 801 926 858 oblationes
957 798 1136 854 varias
1159 797 1228 851 ad
1250 795 1465 850 laudem
1496 793 1670 866 ipsius
1700 792 1900 848 Christi
1929 799 2078 847 attu-

484 893 689 949 lerunt.

550 1001 802 1053 Marses.
839 995 1021 1066 Quare
1073 994 1184 1064 jam
1211 991 1446 1063 amplius
1501 989 1596 1044 tibi
1630 989 1932 1059 obiicerem
1989 987 2083 1042 ali-

487 1088 634 1161 quid,
694 1103 818 1142 cnm
865 1094 921 1139 tu
976 1084 1328 1139 auctoritates
1375 1095 1528 1135 meas
1583 1095 1774 1136 omnes
1813 1078 1878 1131 ad
1937 1085 2084 1132 tuam

489 1177 750 1248 explanes
781 1173 1114 1229 voluntatem
1143 1174 1171 1225 εἰ

564 1279 801 1332 Ριετιιυε.
833 1277 1011 1332 liabet
1041 1275 1244 1331 veritas
1273 1273 1547 1340 robustas,
1579 1271 1778 1344 quibus
1804 1268 2084 1333 innitatur,

493 1365 797 1426 columnas.

1085 1541 1378 1598 TITULUS
1416 1540 1491 1595 X.

498 1651 652 1721 Quod
691 1652 982 1708 voluntate
1031 1653 1397 1722 spontaneaa
1427 1647 1636 1703 Judwis
1664 1645 1980 1714 cruciﬁxus
2008 1645 2092 1698 est

990 1738 1249 1795 Christus
1279 1741 1333 1793 et
1363 1739 1600 1794 occisus.

2187 632 2288 687 bus
2317 631 2678 702 appellantur.

2262 750 2510 804 Movsas.
2545 749 2748 804 Verum
2777 747 2834 800 hi
2861 746 3044 802 forsan
3077 743 3302 812 diaboli,
3348 756 3638 814 nunquam
3670 739 3802 794 bon

2187 845 2253 892 ut
2334 838 2470 894 dicis
2553 837 2760 910 angeli,
2842 835 2942 892 sed
3001 849 3221 905 semper
3291 831 3518 904 spiritus
3573 829 3834 884 fuerunt

2189 927 2360 1000 impii.

2263 1036 2506 1116 Parnus.
2545 1036 2667 1089 Non
2697 1041 2780 1089 est
2805 1034 2988 1104 utique
3015 1031 3122 1087 hoc
3141 1043 3354 1086 verum.
3393 1027 3584 1100 Neque
3649 1023 3822 1080 enim

2193 1127 2343 1182 Deus
2364 1113 2667 1197 quidquam
2699 1122 2825 1179 fecit
2855 1121 2959 1176 nisi
2981 1121 3208 1186 bonum,
3242 1133 3366 1174 cum
3396 1115 3451 1172 in
3493 1113 3821 1172 verissima

2195 1224 2415 1294 legatur
2445 1223 2746 1290 Scriptura,
2778 1220 2921 1276 Vidit
2940 1219 3083 1274 Deus
3109 1217 3459 1288 cunctaque:
3486 1214 3819 1285 fecerat,et

2196 1316 2364 1369 erant
2394 1313 2550 1367 valde
2571 1312 2713 1366 bona
2742 1309 2904 1380 (Gen.
2939 1309 2997 1374 t).
3030 1305 3139 1361 Sed
3172 1303 3299 1377 quia
3329 1301 3533 1358 malum
3588 1299 3817 1372 elege-

2198 1408 2344 1470 runt,
2381 1400 2503 1455 ideo
2532 1397 2758 1472 maligni
2788 1395 2965 1452 effecti
2996 1401 3137 1450 sunt.

2271 1527 2519 1581 Morsas.
2552 1524 2688 1579 Cum
2716 1530 2775 1578 et
2801 1527 3125 1593 argumento
3155 1513 3592 1589 experimentali,
3613 1519 3672 1569 et
3705 1511 3820 1567 do-

2203 1624 2414 1673 ctorum
2443 1611 2932 1684 approbationibus
2971 1609 3252 1664 diabolum
3279 1620 3404 1662 esse
3453 1601 3815 1665 noverimus,

2197 1705 2312 1776 jam
2343 1703 2468 1759 inde
2499 1701 2722 1757 ulterius
2752 1699 2882 1772 quin
2913 1699 3038 1762 sint,
3073 1696 3326 1752 dubitare
3371 1709 3482 1750 non
3509 1691 3818 1754 debemus,

2204 1809 2306 1850 nec
2337 1793 2476 1848 ultra
2507 1807 2670 1862 super
2699 1782 3506 1858 hujusmodiquaestionelongo
3534 1791 3820 1834 sermone

570 1891 816 1944 MOYSES-
863 1888 951 1943 Ad
992 1901 1128 1952 rem.
1184 1888 1358 1952 Ρείτθν
1411 1883 1539 1940 νοῖο
1567 1899 1670 1938 ῐιοε
1726 1882 1908 1937 redire
1929 1888 1982 1936 ει
2023 1880 2092 1934 de
2124 1883 2174 1944 Β
2205 1891 2546 1962 indigemus.
2588 1889 2666 1942 De
2699 1887 2803 1942 hoc
2833 1885 2998 1956 igitur
3018 1882 3376 1949 dimittamus,
3407 1889 3458 1934 et
3481 1892 3580 1934 cur
3605 1875 3666 1931 in
3685 1873 3818 1944 ejus

499 1977 624 2032 aliis
646 1984 752 2032 tua:
779 1975 1114 2032 credulitatis
1127 1973 1370 2044 partibus
1390 1971 1763 2042 mihi,queeso,
1796 1967 2091 2037 responde.

502 2067 639 2122 Cum
670 2065 854 2136 itaque
883 2063 1153 2119 Christum
1184 2070 1238 2117 et
1291 2061 1571 2116 hominem
1602 2059 1796 2115 credas
1854 2057 2022 2111 fuisse
2045 2063 2098 2110 et

500 2155 700 2220 Deum,
739 2169 840 2208 cur
865 2168 926 2206 se
982 2151 1227 2223 cruciﬁgi
1259 2166 1455 2221 passus
1502 2157 1606 2214 est,
1639 2163 1743 2202 nec
1773 2162 1833 2200 se
1863 2146 1932 2199 de
1981 2159 2101 2199 ma-

503 2244 664 2298 nibus
695 2242 896 2312 eripuit
938 2241 1248 2296 Iudaeorum
1282 2242 1309 2294 ‘?
1333 2238 1620 2308 Quomodo
1650 2235 1797 2292 enim
1853 2235 2101 2304 omnipo-

506 2331 688 2388 tentiae
707 2331 1051 2385 imminutum
1083 2338 1165 2385 est
1194 2329 1484 2399 imperium
1504 2327 1533 2380 ?

580 2439 819 2494 Parens.
852 2437 995 2492 Bene
1026 2435 1246 2507 quidem
1278 2451 1336 2490 se
1367 2433 1505 2488 tueri
1535 2440 1586 2488 et
1617 2446 1836 2487 servare
1867 2429 1910 2483 si
1942 2428 2104 2486 vellet

509 2527 700 2598 potuit,
735 2526 830 2581 sed
855 2526 959 2580 hoc
1018 2533 1210 2596 sponte
1241 2540 1334 2578 sua
1357 2525 1425 2578 oh
1446 2537 1666 2578 suorum
1696 2521 1925 2575 salutem
1982 2534 2106 2588 per-

514 2615 651 2682 tulit,
701 2613 826 2669 licet
857 2613 1148 2685 carniquze
1177 2613 1244 2668 de
1295 2613 1514 2666 mundo
1555 2618 1668 2666 erat
1704 2625 1808 2663 non
1869 2607 2096 2676 placuit.

513 2711 753 2765 Verbum
783 2710 926 2765 enim
952 2709 1050 2762 Dei
1099 2724 1322 2763 carnem
1351 2709 1421 2761 ob
1446 2706 1590 2760 aliud
1624 2719 1968 2775 nequaquam
2017 2717 2109 2757 ca-

516 2807 690 2870 peret,
725 2799 827 2852 nisi
858 2805 912 2852 ut
943 2813 1040 2851 eos
1069 2797 1157 2868 qui
1191 2797 1242 2850 in
1275 2812 1334 2851 se
1365 2795 1709 2852 crediderant
1729 2801 1780 2847 et
1809 2791 2110 2847 credituros

517 2889 586 2942 de
617 2887 815 2942 diaboli
847 2886 1174 2954 captivitate.
1198 2884 1450 2940 liberaret
1469 2886 1654 2954 (Joan.
1688 2884 1752 2952 ι).

592 2995 844 3048 Movsus.
903 2994 976 3046 Ex
999 2992 1102 3047 hoc
1146 3007 1280 3046 sane
1312 2995 1402 3046 tuo
1449 3006 1704 3046 sermone
1754 2986 2109 3058 qua’stiones,

519 3083 770 3139 oriuntur
799 3081 980 3136 multre
1015 3097 1028 3136 :
1061 3080 1252 3152 prima,
1286 3080 1416 3150 quid
1457 3079 1526 3135 sit
1553 3075 2109 3143 diabolus;secunda,

521 3188 687 3244 quare
715 3173 880 3226 homo
926 3170 1210 3225 devenerit
1254 3170 1306 3223 in
1357 3175 1683 3240 potestatem
1714 3165 1893 3228 illius;
1953 3162 2114 3217 tertia

2207 1979 2490 2036 arbitrium
2523 1978 2684 2032 homo
2714 1973 2999 2030 devenerit
3028 1971 3394 2042 iuquiramns.

2279 2106 2525 2159 Parnus.
2557 2099 2825 2169 Quoniam
2857 2111 2993 2170 ergo
3024 2097 3172 2151 Deus
3204 2093 3376 2149 Adam
3405 2091 3474 2146 ad
3506 2088 3818 2160 imaginem

2211 2209 2365 2250 suam
2415 2189 2695 2246 conditum
2749 2195 2802 2242 et
2847 2184 3258 2241 similitudinem
3308 2181 3510 2250 (ibid),
3568 2177 3816 2246 ideoque

2211 2284 2354 2338 inter
2383 2288 2658 2337 creaturas
2689 2275 3068 2340 excellentem,
3110 2270 3470 2344 compositum
3525 2266 3731 2324 creavit
3761 2273 3820 2320 et

2213 2369 2517 2440 simplicem
2550 2383 2564 2422 :
2597 2365 2958 2436 compositum
2985 2362 3224 2434 quidem,
3262 2367 3318 2415 ut
3345 2357 3606 2414 mundum
3636 2355 3816 2408 istum

2214 2459 2508 2524 habitaret,
2540 2471 2605 2512 ac
2662 2470 2824 2524 super
2853 2467 2978 2508 eum
3025 2457 3351 2522 potestatem
3406 2445 3819 2517 imperiumque

2215 2550 2466 2613 haberet,
2512 2543 2992 2612 dissolutionisque
3049 2539 3210 2594 etiam
3279 2533 3642 2616 susceptibilis
3691 2547 3818 2586 esse

2217 2640 2440 2704 posset;
2469 2629 2774 2699 simplicem
2819 2634 2992 2688 verot,
3022 2633 3078 2678 ut
3107 2615 3332 2695 quando
3360 2616 3604 2674 Creatori
3625 2615 3819 2686 place-

2219 2703 2323 2786 ret,
2371 2720 2438 2775 ad
2493 2719 2776 2774 caelestem
2823 2714 3144 2784 angelorum
3203 2709 3433 2782 patriam
3465 2707 3584 2763 sine
3631 2703 3818 2760 carnis

2221 2817 2391 2866 morte
2423 2807 2680 2862 transiret
2709 2823 2722 2858 :
2756 2803 3032 2874 quoniam,
3063 2801 3308 2868 inquam,
3339 2794 3649 2852 eumtalem
3668 2793 3818 2848 Deus

2222 2893 2445 2956 creavit,
2477 2907 2599 2946 cum
2631 2891 2735 2944 hoc
2765 2888 3021 2942 vidissset
3051 2884 3320 2949 diabolus,
3348 2880 3517 2950 quiin
3545 2879 3651 2934 hoc
3681 2892 3818 2931 aere

2221 2982 2468 3040 inferiori
2499 2996 2670 3051 prope
2708 2987 2911 3032 terram
2967 2972 3269 3036 habitabat,
3327 2969 3539 3035 invidit,
3598 2973 3653 3022 et
3699 2965 3818 3032 ejus

2223 3078 2624 3136 damnationem
2659 3083 2814 3146 prout
2858 3072 3031 3144 potuit
3087 3067 3428 3142 perquisivit,
3487 3065 3618 3138 quin
3677 3069 3819 3118 etut

2227 3176 2326 3231 Dei
2357 3181 2687 3245 prmceptum
2718 3168 2993 3232 transiret,
3041 3166 3186 3222 etde
3212 3163 3388 3218 fructu
3435 3160 3604 3216 vetito
3634 3170 3818 3212 come-

519 3279 618 3318 cur
643 3261 712 3315 de
745 3276 908 3314 manu
939 3261 1058 3328 ejus
1087 3260 1338 3314 homines
1391 3256 1704 3332 liberaverit
1745 3257 1910 3314 Deus,
1943 3267 2116 3322 quan-
2147 3237 2196 3300 C
2227 3237 2401 3330 dem},
2425 3237 2578 3318 cordi
2608 3259 2728 3328 ejus
2760 3255 3058 3328 inspiravit,
3078 3262 3304 3325 propter
3331 3251 3438 3306 ιιοο
3466 3259 3522 3304 ιιι
3550 3243 3818 3317 dedigni-

522 3350 822 3422 doquidem
857 3349 1006 3418 ipsos
1035 3349 1089 3402 in
1121 3364 1240 3402 eam
1257 3347 1512 3403 decidere
1531 3345 1598 3398 sit
1627 3360 1826 3415 passus
1857 3359 1872 3404 ς
1906 3349 2114 3405 αιιιινῑθ,

523 3455 622 3496 cur
653 3455 775 3495 eum
828 3445 923 3494 eos
953 3437 1148 3493 redimi
1179 3437 1343 3491 voluit
1399 3452 1498 3490 sua
1547 3437 1650 3490 hoc
1699 3439 1968 3504 potestate
2010 3445 2120 3484 non

525 3527 670 3597 fecit,
703 3528 814 3583 imo
843 3527 1116 3582 incarnari
1145 3541 1208 3580 ac
1241 3525 1348 3596 pati
1380 3523 1586 3578 maluit.

601 3637 837 3691 Paraus.
873 3633 1145 3700 Quoniam
1189 3632 1341 3704 plura
1374 3631 1536 3685 simul
1564 3627 1764 3691 dixisti,
1823 3635 1880 3682 et
1906 3626 1975 3681 de
1996 3624 2120 3697 plu-

527 3724 687 3780 ribus
717 3723 876 3778 simul
909 3724 1068 3794 plene
1100 3738 1206 3777 non
1239 3729 1416 3792 potest
1437 3717 1785 3789 responderi,
1835 3731 2047 3788 quaeras
2079 3715 2124 3768 si

529 3813 709 3884 placet
738 3813 807 3868 de
837 3812 1069 3883 singulis
1097 3811 1244 3876 volo,
1277 3817 1334 3866 et
1364 3809 1509 3882 quod
1541 3807 1667 3863 inde
1693 3805 1868 3861 sentio
1901 3819 2124 3876 respon-

531 3903 702 3959 debo.

601 4011 846 4066 Movsas.
883 4008 943 4064 In
977 4008 1165 4081 primis
1186 4007 1353 4077 igitur
1400 4005 1468 4060 de
1497 4003 1716 4061 diabolo
1763 4003 1887 4076 quid
1919 4001 2006 4068 sit,
2039 4015 2128 4054 an-

532 4099 650 4154 dire
670 4099 946 4154 desidero.

609 4207 842 4262 Parens.
904 4205 1182 4270 Diabolus,
1214 4220 1248 4259 ο
1277 4206 1514 4274 Moyses,
1575 4200 1786 4256 subtilis
1815 4198 2034 4271 quidem
2077 4203 2131 4250 et

536 4295 830 4366 spiritualis
861 4304 944 4350 est
959 4305 1127 4360 res,et
1151 4295 1242 4348 t'uit
1259 4294 1385 4348 olim
1402 4309 1540 4348 unus
1557 4291 1626 4346 de
1643 4291 1910 4346 bonorum
1935 4286 2134 4340 ordini-

535 4384 639 4438 bus
653 4384 994 4456 angelorum.
1019 4385 1184 4454 Cujus
1205 4381 1532 4438 ordinisduo
1545 4381 1614 4434 de
1635 4377 1969 4450 principibus
1983 4377 2132 4430 lluza

535 4483 588 4528 et
612 4473 840 4528 lla/.azel
864 4472 917 4526 in
975 4472 1262 4537 llebraica,
1321 4470 1524 4526 Haroth
1556 4484 1688 4524 vero
1743 4477 1791 4521 et
1817 4465 2025 4520 Marolh
2077 4465 2130 4518 in

537 4562 726 4634 lingua
752 4562 1095 4632 appellantur
1125 4561 1382 4616 Arabica.
1421 4560 1489 4614 Et
1511 4558 1596 4613 hic
1629 4557 1880 4612 diabolus
1908 4563 2132 4624 peccato

539 4659 593 4707 et
624 4650 906 4722 iniquitate
937 4665 1034 4704 sua
1063 4656 1416 4721 aggravatus,
1469 4655 1522 4702 et
1550 4645 1706 4716 quasi
1735 4639 2128 4712 aliquantulum

541 4740 903 4812 ponderosior
933 4738 1176 4802 ell'ectus,
1211 4745 1265 4793 et
1292 4737 1371 4791 sic
1397 4737 1467 4791 de
1497 4749 1710 4789 summo
1742 4733 2008 4787 caelorum
2039 4728 2135 4782 de-

539 4830 748 4901 lapsus,
806 4829 967 4901 paulo
1019 4827 1304 4884 descendit
1338 4823 1585 4889 inferius,
1637 4831 1693 4878 et
1723 4830 1804 4877 est
1854 4819 1942 4876 hic
1997 4816 2137 4872 intra

539 4919 939 4976 ﬁrmamentum
968 4915 1229 4972 habitatio
1259 4915 1409 4984 ejus.

615 5027 865 5082 lllovsas.
906 5023 1180 5095 Scriptum
1230 5021 1477 5092 profecto
1533 5017 1680 5089 apud
1735 5032 1835 5070 nos
1893 5021 1973 5069 est
2017 5029 2140 5069 esse

542 5115 813 5176 diabolos.
845 5123 898 5170 et
926 5115 993 5168 de
1024 5111 1358 5184 principibus
1415 5123 1608 5164 eorum
1641 5107 1785 5160 llum
1817 5112 1870 5160 et
1914 5101 2143 5158 llazazel

544 5221 668 5262 esse
695 5204 1025 5276 appellatos,
1057 5203 1153 5256 sed
1181 5202 1286 5256 hoc
1307 5199 1507 5255 vellem
1549 5212 1660 5268 ego
1691 5195 1924 5249 libenter
1956 5191 2145 5246 audire

545 5310 654 5367 qua
683 5283 1302 5366 philOSOpliica'ratione
1359 5302 1459 5344 eos
1515 5301 1662 5350 esse,
1697 5283 1782 5340 vel
1839 5281 1971 5354 quid
2015 5281 2141 5346 sint,

547 5384 726 5453 possis
752 5382 1069 5438 ostendere.

622 5489 861 5544 Pnrnus.
897 5490 954 5542 ln
984 5486 1175 5558 primis
1221 5484 1393 5555 igitur
1420 5482 1594 5538 debes
1623 5479 1788 5546 scire,
1836 5477 1972 5532 artis
2002 5475 2148 5530 illius

551 5593 674 5648 qua:
725 5576 1131 5631 necromantica
1185 5573 1512 5644 appellatur,
1599 5585 1796 5626 novem
1853 5565 2150 5637 particulas

553 5679 704 5729 esse,
737 5679 964 5736 quarum
1025 5671 1250 5735 quatuor
1281 5661 1472 5733 prima:
1509 5659 1578 5715 de
1625 5663 1860 5730 quatuor
1916 5659 2152 5708 tractant

561 5752 868 5821 elementis,
901 5751 1132 5822 qualiter
1151 5751 1208 5804 in
1237 5750 1317 5806 eis
1346 5748 1568 5818 operari
1599 5746 1873 5817 possimus
1903 5741 2148 5813 physice,

552 5841 789 5916 Quinque
817 5856 946 5896 vero
994 5839 1218 5910 reliqu
1273 5835 1735 5908 quemadmodum
1765 5849 1872 5888 non
1929 5829 2032 5886 nisi
2055 5845 2155 5900 per

559 5929 963 5986 invocationem
986 5926 1349 5998 malignorum
1381 5921 1599 5996 operari
1628 5922 1748 5994 quis
1773 5919 1946 5994 possit
1998 5916 2157 5990 spiris

2229 3361 2337 3408 tate
2367 3366 2468 3406 sua
2497 3347 2832 3416 concideret,
2883 3342 3351 3418 quemadmodum
3400 3347 3451 3394 et
3509 3336 3629 3408 ipse
3679 3348 3816 3390 con-

2229 3441 2379 3500 cidit.

2301 3551 2550 3604 Morsns.
2573 3543 2891 3616 Priusquam
2923 3539 3069 3595 aliud
3096 3537 3274 3603 dicas,
3305 3534 3438 3591 mihi
3475 3531 3616 3598 volo,
3640 3531 3815 3594 Petre,

2232 3637 2598 3708 respondeas,
2627 3632 2756 3706 quid
2787 3633 2855 3687 sit
2885 3629 3030 3702 quod
3061 3627 3239 3684 Adam
3293 3624 3493 3680 factum
3525 3619 3817 3691 simplicem

2231 3727 2440 3784 dixeris
2486 3734 2650 3796 atque
2705 3720 3086 3791 compositum,
3138 3716 3352 3772 videtur
3393 3725 3625 3782 namque
3667 3722 3814 3763 essse

2233 3815 2587 3882 contrarium,
2621 3820 2675 3868 et
2707 3819 2761 3866 tu
2783 3810 2949 3865 etiam
2977 3823 3101 3864 cum
3131 3805 3200 3861 de
3230 3801 3631 3860 resurrectione
3650 3796 3817 3866 dispu-

2235 3910 2485 3962 tabamus
2515 3910 2871 3962 mortuorum,
2920 3912 3121 3967 corpus
3153 3891 3375 3964 aliquod
3418 3887 3629 3954 negasti
3659 3899 3816 3956 posse

2235 3995 2354 4052 fore
2385 3992 2619 4062 simplex
2650 3999 2810 4061 atque
2853 3984 3234 4056 compositum.
3282 3979 3390 4036 Sed
3439 3986 3492 4034 et
3551 3975 3691 4031 aliud
3736 3979 3814 4027 est

2237 4061 2588 4148 contrarium,
2632 4077 2779 4152 quod
2819 4083 2870 4132 et
2948 4073 3143 4129 mortis
3217 4085 3338 4125 eum
3415 4061 3811 4135 ’susceptibiiem

2237 4172 2424 4229 dixisti
2451 4186 2575 4226 esse
2629 4149 2895 4230 creatum,
2929 4171 2982 4219 et
3026 4160 3212 4228 talem,
3275 4165 3332 4214 ut
3359 4155 3478 4212 sine
3531 4159 3717 4220 morte,
3745 4149 3810 4204 ad

2237 4271 2466 4344 patriam
2523 4266 2762 4322 transire
2817 4269 3004 4335 posset
3061 4257 3413 4330 angelorum.
3469 4255 3574 4308 Per
3601 4249 3806 4306 alterum

2241 4337 2477 4431 namque
2507 4354 2770 4423 mortalis,
2801 4368 2901 4425 per
2925 4350 3153 4406 alterum
3209 4361 3337 4402 vero
3367 4358 3490 4400 esse
3527 4337 3807 4396 ostenditur

2239 4446 2584 4504 immortalis.

2318 4556 2558 4609 Pan-nus.
2593 4550 2748 4606 Scias
2795 4547 2920 4621 quia
2949 4543 3209 4602 animalia
3264 4539 3446 4597 omnia
3485 4537 3554 4593 de
3608 4541 3813 4606 quatuor

2244 4643 2534 4700 elementis
2564 4647 2689 4696 sunt
2718 4636 3037 4708 composita.
3097 4631 3231 4702 Quas
3261 4629 3428 4688 etiam
3460 4642 3522 4681 se
3566 4623 3814 4679 variarunt

2244 4748 2343 4805 pro
2425 4731 2666 4799 ipsorum
2723 4726 2990 4782 varietate
3067 4721 3486 4782 elementorum,
3546 4713 3603 4768 in
3645 4726 3811 4767 eorum

2247 4799 2645 4892 campo-itione
2729 4813 3030 4870 secundum
3085 4809 3377 4882 qualitates
3423 4812 3476 4860 et
3521 4799 3812 4874 quantitates

2249 4925 2380 4965 suas
2411 4907 2696 4977 impar-iter
2723 4903 3131 4973 adjunctorum.
3149 4897 3276 4952 inde
3291 4893 3489 4951 etenim
3508 4891 3810 4946 diversarum

2251 4976 2502 5070 provenit
2523 4992 2910 5050 dissimilitudo
2941 4981 3544 5058 specierum.Qnoniam
3563 4976 3813 5046 veroipso—

2253 5104 2371 5142 rum
2389 5086 2586 5158 quibus
2605 5088 3007 5151 componuntur
3028 5077 3445 5138 elementorum,
3467 5063 3808 5134 calorfrifzori,

2255 5153 2549 5232 bumiditas
2572 5170 2822 5237 siccitati,
2864 5165 3099 5223 inanitas
3129 5159 3408 5227 soliditati,
3470 5153 3811 5230 ponderositas

2253 5272 2486 5340 levitati,
2519 5279 2570 5326 et
2598 5269 2874 5324 subtilitas
2904 5262 3187 5322 obtusitati
3217 5264 3511 5330 repugnat,
3551 5265 3810 5322 omnesque

2256 5362 2483 5436 reliquae
2513 5359 2703 5434 qumin
2742 5357 2821 5412 eis
2851 5363 2974 5410 sunt
3035 5350 3319 5424 qualitates
3365 5345 3468 5401 sibi
3494 5343 3562 5398 ab
3615 5339 3809 5395 invicem

2256 5460 2546 5518 contrariae
2591 5465 2736 5523 sunt,
2795 5455 2921 5510 ideo
2971 5469 3036 5508 ex
3094 5449 3230 5520 ipsis
3285 5457 3506 5517 quoque
3554 5435 3812 5510 composita

2259 5566 2489 5621 semper
2508 5555 2806 5611 mutantur,
2839 5546 3095 5600 crescunt
3127 5535 3376 5594 videlicet
3405 5540 3568 5602 atque
3595 5527 3810 5582 minuun-

2258 5658 2362 5715 tur,
2392 5647 2672 5704 calescunt
2703 5650 2754 5698 et
2781 5637 3188 5708 inl'rigidantur,
3220 5629 3542 5701 ceterisque
3597 5623 3811 5680 acciden-

2264 5713 2433 5802 tibus,
2457 5734 2720 5798 vicissim,
2777 5727 3104 5784 alliciuntur.
3147 5722 3242 5778 llis
3270 5727 3450 5776 autem
3509 5713 3812 5787 qualitatibus

2264 5827 2340 5882 ita
2364 5798 2538 5880 altera
2593 5820 2664 5876 ad
2683 5817 2918 5874 alterius
2942 5812 3323 5885 expulsionem
3381 5802 3722 5868 tendentibus,
3767 5798 3808 5854 si

2263 5914 2370 5971 alia
2425 5909 2591 5984 paulo
2645 5910 3043 5978 supercrescat,
3074 5899 3179 5958 alia
3209 5895 3426 5971 paulum
3449 5889 3668 5962 deﬁciat,
3705 5901 3810 5956 pro:
