3966 6412
154 382 251 444 Gil

150 601 262 664 alia
286 606 367 664 ita
414 613 696 676 deﬁciat
719 632 797 679 ut
823 627 880 681 ei
908 636 1110 683 contra
1137 636 1285 683 stare
1313 644 1415 686 nec
1442 647 1635 700 parum
1666 631 1867 701 valeat,

149 707 408 756 connexa
441 704 940 781 dissolvuntur,
970 716 1229 784 adjuncta
1263 727 1601 788 separantur,
1639 735 1871 789 compo-

155 791 274 885 sita
298 795 760 873 destruantur,
799 818 863 864 et
894 810 1181 867 dissolutio
1216 812 1310 867 illa
1355 830 1503 869 mors
1531 814 1858 885 appellatur.

180 883 305 940 Cum
333 903 492 947 vero
534 895 757 952 Adam
813 900 978 955 Deus
1026 902 1248 966 creavit,
1301 903 1500 973 placuit
1544 883 1647 957 sibi
1679 919 1867 959 creare

189 988 303 1030 eum
331 978 546 1048 talem,
582 985 701 1056 qui
742 994 806 1043 et
852 988 995 1043 mori
1026 998 1083 1045 et
1110 1005 1219 1045 non
1251 991 1390 1045 mori
1438 992 1667 1047 valeret.
1722 993 1869 1047 Fecit

195 1080 322 1138 ergo
382 1084 531 1124 eum
596 1072 684 1129 de
747 1075 1049 1131 elementis
1109 1078 1509 1145 subtilioribus.
1552 1089 1605 1135 et
1647 1081 1868 1137 omnino

201 1156 494 1226 aequaliter
526 1160 608 1217 de
644 1163 948 1232 omnibus,
984 1174 1035 1220 et
1086 1165 1211 1233 hoc,
1243 1176 1308 1222 ut
1345 1175 1398 1223 ct
1429 1167 1672 1238 ipsorum
1704 1170 1869 1241 quali.

206 1252 347 1302 tates
376 1247 497 1302 vim
529 1250 804 1323 aliquam
836 1269 899 1308 se
930 1254 999 1308 ad
1032 1253 1266 1311 invicem
1309 1257 1606 1327 superandi
1649 1257 1866 1330 aliqua-

214 1352 372 1400 tenus
427 1363 551 1403 non
615 1349 924 1407 haberent.
986 1352 1189 1407 Taliter
1230 1362 1413 1410 autem
1461 1353 1637 1409 factus
1671 1362 1773 1420 est,
1808 1362 1865 1409 ut

217 1449 323 1489 non
354 1437 501 1491 mori
552 1435 684 1508 ipse
737 1440 1032 1511 potuisset,
1084 1448 1137 1495 et
1188 1456 1293 1512 ego
1325 1457 1449 1497 eum
1496 1442 1620 1497 ideo
1652 1443 1865 1514 simpli-

220 1549 339 1588 cem
389 1535 706 1606 appellavi,
760 1544 813 1591 et
857 1537 1252 1593 immortalem.
1300 1540 1416 1595 Hoc
1467 1540 1632 1595 modo
1665 1542 1864 1613 quippe

223 1621 400 1677 fuerat
483 1623 823 1679 immortalis
858 1668 872 1687 .
965 1628 1428 1699 quemadmodum
1512 1637 1565 1683 et
1656 1637 1858 1685 czetera

222 1720 499 1791 simplicia
558 1721 922 1777 immortalia
973 1733 1097 1778 sunt
1128 1725 1331 1781 omnia.
1365 1726 1532 1795 Cujus
1564 1726 1645 1782 rei
1677 1727 1859 1782 mani-

230 1808 439 1863 festum
492 1810 755 1882 quaedam
806 1811 1063 1866 animalia
1107 1814 1367 1881 tribuunt,
1422 1823 1812 1885 argumentum
1845 1860 1858 1883 ,

223 1914 350 1968 quae
397 1900 530 1969 quia
575 1898 851 1970 aequalius
882 1902 1094 1956 caeteris
1144 1902 1432 1959 elementis
1480 1905 1696 1959 condita
1729 1914 1853 1960 sunt
1882 1912 1934 1971 Β

245 1986 449 2056 procul
474 1987 648 2043 dubio
678 1988 886 2043 diutius
913 1992 1120 2046 vivunt.
1179 1992 1320 2061 Quia
1366 2008 1499 2048 vero
1528 1994 1598 2048 de
1627 2001 1865 2063 quatuor

232 2073 427 2129 factus
457 2084 545 2130 est
600 2076 775 2132 Adam
832 2077 1138 2147 elementis,
1191 2088 1245 2134 et
1288 2080 1548 2153 quidquid
1580 2097 1645 2136 ex
1695 2082 1775 2136 eis
1805 2082 1863 2137 fit

224 2172 597 2243 susceptibile
628 2181 715 2228 est
750 2174 1149 2245 dissolutionis,
1184 2176 1309 2233 ideo
1338 2178 1451 2233 dixi
1493 2194 1614 2234 cum
1643 2188 1859 2235 morta-

226 2258 351 2315 lem
386 2269 553 2334 atque
584 2264 952 2334 compositum
967 2305 980 2318 .

300 2411 558 2466 Mersus.
585 2411 778 2468 Placet
808 2413 959 2484 quod
997 2413 1160 2470 dicis.
1201 2415 1310 2472 Sed
1340 2432 1462 2473 cum
1493 2425 1551 2474 ut
1579 2420 1780 2475 asseris
1804 2429 1856 2476 et

220 2508 385 2563 mori
415 2517 472 2564 et
500 2526 612 2565 non
643 2511 783 2567 mori
806 2512 1072 2582 potuerit,
1108 2529 1275 2584 quare
1301 2516 1606 2571 mortalitas
1627 2518 1853 2574 immor-

218 2596 516 2653 talitatem
574 2600 871 2670 superavit,
930 2600 1004 2655 ita
1050 2602 1195 2673 quod
1247 2619 1420 2676 usque
1468 2605 1629 2661 hodie
1674 2608 1853 2663 omnis

222 2686 416 2741 homo
442 2687 689 2742 mortalis
719 2687 790 2743 sit
818 2690 848 2743 Ἰ

302 2828 569 2883 Panos.
597 2829 712 2886 Hoc
742 2836 828 2886 est
856 2830 999 2902 quod
1016 2831 1312 2902 eXplanare
1343 2834 1610 2905 disposui,
1646 2844 1699 2892 et
1731 2837 1849 2893 huic

217 2924 323 2971 est
359 2932 533 2973 causa
556 2934 656 2973 cur
682 2918 737 2972 in
768 2928 1092 2990 potestatem
1115 2921 1319 2976 diaboli
1341 2924 1513 2978 Adam
1540 2924 1843 2981 devenerit.

215 3016 382 3068 Cum
438 3030 576 3087 ergo
632 3015 908 3071 Creatoris
976 3017 1341 3073 obedientiam
1398 3021 1632 3076 transire
1689 3023 1846 3078 cordi

213 3103 362 3171 ejus
410 3102 660 3171 immisit,
702 3119 871 3175 super
910 3120 975 3161 eo
1018 3106 1321 3179 cogitavit;
1363 3118 1648 3181 postquam
1707 3128 1844 3167 vero

212 3192 524 3262 cogitavit,
550 3191 732 3265 elegit,
757 3201 1047 3265 postquam
1079 3195 1264 3268 elegit,
1280 3198 1494 3267 optavit
1517 3216 1530 3261 ;
1556 3209 1843 3272 postquam

214 3280 469 3350 optavit,
518 3288 575 3335 et
612 3281 760 3349 fecit,
810 3298 937 3338 cum
982 3291 1165 3339 autem
1205 3284 1348 3352 fecit,
1381 3288 1654 3357 peccavit;
1687 3271 1841 3359 post-
1874 3271 1923 3332 ε

214 3394 405 3449 quam
436 3394 575 3434 vero
594 3380 864 3450 peccavit,
886 3381 1200 3453 qualitatem
1232 3399 1394 3453 quam
1421 3384 1653 3440 habebat
1684 3394 1737 3442 et
1767 3387 1848 3444 sic

210 3467 701 3523 immortalitatem
745 3468 945 3537 amisit,
991 3478 1046 3525 et
1081 3471 1304 3527 omnino
1333 3481 1393 3527 ut
1419 3475 1844 3544 compositorum

211 3564 436 3611 natura
464 3565 549 3612 est
575 3557 965 3613 mortalitatem
982 3559 1238 3630 suscepit,
1265 3560 1339 3615 ita
1366 3564 1508 3633 quod
1527 3564 1753 3619 ulterius
1777 3565 1846 3619 ab

218 3661 302 3701 eo
333 3646 587 3716 separari
644 3661 754 3701 non
783 3646 973 3717 potuit,
1020 3648 1167 3703 unde
1207 3657 1258 3703 et
1314 3650 1627 3721 hujusmodi
1658 3652 1851 3708 diffini-

220 3743 449 3799 tiunem
477 3743 702 3815 recepit,
724 3744 868 3815 quod
891 3744 1169 3801 rationalis
1199 3754 1251 3801 et
1268 3750 1511 3804 mortalis
1532 3749 1708 3805 dictus
1726 3750 1843 3819 fuit,

224 3832 374 3903 quin
404 3840 459 3887 et
486 3832 667 3888 omnis
693 3832 787 3905 qui
813 3832 883 3888 de
921 3835 1040 3903 ejus
1094 3836 1303 3891 semine
1358 3838 1645 3906 processit,
1679 3848 1847 3894 natu-

223 3937 359 3975 ram
389 3921 664 3989 eamdem,
698 3929 752 3977 et
782 3922 900 3992 ipse
930 3923 1141 3978 habuit.
1175 3926 1271 3979 Est
1300 3926 1504 3997 quippe
1528 3928 1754 3996 justum,
1788 3934 1849 3985 ut

228 4019 282 4073 si
315 4018 452 4090 quid
482 4019 554 4075 do
582 4018 692 4074 alio
728 4019 984 4089 prodeat,
1034 4029 1244 4077 naturae
1271 4022 1395 4091 ejus
1437 4024 1847 4082 similitudinem

224 4107 490 4178 recipiat.
538 4108 733 4162 Anima
771 4124 910 4164 vero
957 4109 1142 4164 Adam
1192 4126 1315 4166 cum
1358 4113 1656 4168 subtilioris
1699 4123 1847 4171 esset

225 4205 460 4251 natura:
487 4212 650 4267 quam
680 4211 902 4266 corpus,
932 4206 1098 4270 atque
1156 4198 1420 4267 fortioris,
1469 4201 1596 4273 quia
1622 4212 1845 4274 peccato

226 4283 313 4339 illi
364 4299 655 4340 assensum
705 4285 955 4355 praebuit,
989 4295 1193 4342 etcum
1246 4297 1435 4359 posset
1475 4305 1584 4346 non
1628 4291 1842 4359 restitit,

225 4371 420 4426 omnis
446 4372 631 4427 anima
657 4390 782 4445 quae
801 4374 1013 4445 corpori
1044 4391 1110 4430 ex
1142 4377 1498 4447 corruptione
1528 4378 1622 4435 illa
1652 4396 1843 4452 proge-

225 4459 352 4514 nito
385 4475 451 4516 se
504 4461 741 4530 miscuit,
792 4462 863 4516 ob
909 4463 1125 4534 culpam
1174 4464 1325 4520 illam
1355 4482 1481 4521 cum
1512 4467 1580 4523 de
1610 4483 1842 4541 corpore

228 4557 432 4623 exiret,
489 4557 613 4613 caeli
669 4559 1038 4615 summitatem
1095 4561 1238 4633 quod
1293 4579 1407 4619 suae
1448 4572 1573 4620 erat
1634 4575 1844 4623 naturae

230 4646 635 4702 transcendere
690 4646 807 4715 jam
854 4649 1116 4722 nequivit,
1170 4650 1281 4707 imo
1335 4652 1393 4708 in
1427 4653 1674 4710 inferiori
1713 4672 1843 4713 aere
1872 4628 1922 4691 D

232 4742 333 4800 hic
389 4758 562 4815 prope
603 4752 810 4800 terram
852 4747 1140 4803 remansit.
1193 4747 1369 4816 Quem
1410 4750 1467 4805 in
1511 4752 1691 4808 locum
1723 4753 1848 4825 quia

238 4841 370 4914 ipsa
396 4843 555 4915 quasi
590 4843 798 4899 advena
828 4844 1065 4913 devenit,
1098 4846 1232 4903 civis
1266 4857 1444 4906 autem
1477 4861 1588 4906 erat
1616 4852 1844 4920 diaboli,

239 4939 477 5004 propter
511 4932 617 4987 hoc
648 4932 901 4989 diabolus
943 4952 1110 5007 super
1143 4952 1263 4993 eam
1308 4947 1628 5009 potestatem
1663 4941 1849 4998 habuit

242 5027 297 5075 et
328 5018 663 5076 desiderium
700 5037 860 5076 suum
890 5023 1036 5094 quod
1068 5023 1185 5094 ipse
1225 5026 1655 5096 desideraverat,
1691 5045 1846 5085 com-

243 5118 451 5188 pletum
480 5117 602 5174 fuit.
642 5117 781 5187 Quia
811 5136 940 5177 vero
970 5122 1133 5178 etiam
1165 5124 1308 5180 Adae
1329 5134 1613 5194 peccatum
1643 5127 1847 5199 duplex

244 5214 366 5280 fuit,
395 5213 679 5286 spirituale
709 5214 916 5274 scilicet
945 5225 996 5273 et
1027 5221 1313 5289 corporale
1341 5239 1354 5275 :
1403 5222 1688 5293 spirituale
1727 5226 1847 5297 qui-

242 5302 388 5369 dem,
417 5303 540 5376 quia
564 5303 785 5359 diabolo
837 5305 1023 5375 potius
1050 5323 1216 5379 quam
1259 5310 1377 5366 Deo
1418 5312 1664 5378 credere,
1700 5314 1846 5385 quod

244 5392 314 5447 ad
364 5392 611 5464 spiritum
664 5391 919 5464 pertinet,
950 5402 1004 5450 et
1059 5397 1292 5453 obedire
1341 5398 1506 5473 elegit
1554 5401 1846 5472 corporale

241 5495 439 5562 autem,
474 5492 610 5565 quia
638 5506 701 5547 se
750 5490 807 5546 in
854 5492 1004 5549 vetiti
1062 5493 1268 5551 fructus
1325 5496 1639 5565 dulcedine,
1700 5499 1846 5571 quod

237 5591 318 5645 sui
345 5597 428 5646 est
457 5586 720 5659 corporis
748 5586 1055 5656 delectavit,
1088 5590 1213 5647 ideo
1243 5609 1376 5649 sane
1405 5602 1636 5650 mortem
1665 5596 1846 5651 carnis

234 5699 287 5747 et
330 5694 574 5744 mortem
624 5684 843 5754 animae,
886 5703 1105 5758 poenam
1155 5691 1366 5749 scilicet
1419 5692 1695 5764 duplicem
1727 5692 1847 5765 ipse

232 5777 517 5838 sustinuit.

294 5919 573 5979 Morsss.
607 5909 752 5968 Satis
767 5913 1067 5987 composite
1094 5918 1155 5972 ut
1183 5917 1313 5975 mihi
1333 5919 1548 5979 videtur
1576 5919 1845 5980 ordinate-

1786 417 2089 477 DIALUUI.

146 514 297 635 vim.
314 523 668 635 aegritude.
709 534 789 591 Si
826 552 987 595 vero
1009 552 1117 593 una
1136 537 1273 593 ultra
1301 540 1523 596 modum
1549 541 1862 599 abundante
1889 542 1947 603 A
1974 578 2079 633 que
2107 564 2287 635 egisti,

3468 451 3571 511 ﬁt!

2081 571 2287 661 .egisti,
2320 571 2551 667 qualiter
2578 575 2749 631 Adam
2792 589 3020 651 propter
3055 597 3338 656 peccatum
3388 611 3568 669 suum,

1977 659 2032 704 et
2070 658 2152 742 ita
2192 658 2370 711 omnis
2407 660 2572 717 homo
2611 663 2663 718 in
2725 667 3008 725 arbitrium
3062 679 3274 733 venerit
3329 658 3559 742 diaboli:

1977 740 2083 793 Sed
2114 750 2167 795 et
2196 744 2298 842 hoc
2351 748 2503 812 mihi,
2535 752 2581 805 si
2612 754 2753 808 nosti
2806 756 2999 813 vellem
3055 766 3274 835 aperiri,
3327 773 3488 842 quale
3516 740 3569 831 et

1975 833 2251 934 quomodo
2296 839 2605 931 secundum
2680 844 2961 915 physicam
3032 833 3270 922 propter
3308 833 3569 934 przecepti

1977 922 2490 1017 transgressionem,
2542 943 2683 993 eam,
2743 950 2908 1003 quam
2958 937 3010 990 in
3043 942 3127 994 sui
3171 922 3565 1017 compositione

1976 1005 2148 1061 Adam
2181 1009 2464 1084 habuerat,
2496 1016 2739 1074 amiserit
2768 1025 3159 1094 aequalitatem.

2048 1118 2287 1176 PETRL'S.
2323 1125 2475 1179 Scias
2505 1144 2639 1199 ergo
2671 1135 2814 1203 quod
2837 1137 3004 1191 Adam
3038 1157 3159 1197 cum
3191 1150 3473 1219 aequaliter
3496 1154 3566 1212 de

1976 1205 2257 1263 elementis
2315 1215 2565 1269 omnibus
2622 1219 2794 1275 factus
2852 1236 3013 1293 esset,
3074 1205 3340 1303 tuqualem
3398 1205 3563 1301 etiam

1974 1294 2270 1390 affectuum
2325 1306 2651 1374 temperiem
2710 1310 2908 1367 habere
2956 1294 3255 1390 debuisset,
3289 1334 3345 1381 ut
3386 1294 3567 1390 iis;

1978 1385 2269 1453 mmstitise,
2311 1393 2634 1449 comedendi
2677 1406 2840 1471 atque
2863 1402 3100 1475 bibendi,
3140 1426 3201 1465 ac
3243 1385 3566 1477 'cazterarum

1973 1497 2202 1551 quarum
2222 1486 2368 1541 nulla
2397 1488 2451 1541 in
2481 1490 2702 1548 homine
2722 1502 3127 1567 superabundat
3152 1518 3245 1563 aut
3274 1512 3563 1591 decrescit,

1973 1568 2293 1591 ..3-ζ-μ-1κγ
2344 1590 2347 1591 ν
2404 1584 2416 1591 ⁸
2795 1586 2805 1591 ³
2927 1590 2932 1591 ⁷

1972 1568 2075 1623 nisi
2098 1586 2163 1623 ex
2184 1572 2573 1632 elementorum
2590 1586 3085 1651 superabundantia
3099 1598 3183 1650 vel
3206 1568 3561 1665 diminutione

1972 1657 2306 1727 qualitatum.
2332 1663 2464 1718 Cum
2486 1683 2617 1723 vero
2649 1671 2697 1725 ei
2728 1672 2977 1733 diabolus
3000 1679 3224 1739 Domini
3248 1689 3329 1744 sui
3351 1708 3561 1762 prmcc-

1970 1760 2120 1853 ptum
2136 1762 2445 1861 transgredi
2466 1765 2758 1837 consuluit,
2785 1772 2900 1843 ipse
2922 1784 3099 1833 autem
3125 1782 3248 1839 inde
3271 1760 3554 1861 cogitavit,

1970 1843 2046 1896 ita
2077 1846 2223 1915 quod
2250 1858 2303 1902 et
2335 1849 2516 1907 facere
2548 1854 2729 1927 elegit,
2761 1877 2863 1916 nec
2908 1865 3091 1923 anima
3122 1880 3177 1925 ut
3207 1843 3393 1943 posset
3422 1843 3558 1951 pro-,-

1973 1939 2163 2008 bibuit,
2216 1940 2334 2015 jam
2385 1956 2580 2004 extunc
2636 1969 2867 2023 peccare
2900 1972 2953 2018 et
2994 1939 3364 2037 aequalitatem
3401 1939 3558 2035 suam

1970 2030 2146 2131 exire.
2168 2032 2402 2140 incoepit,
2438 2038 2562 2137 quia
2593 2046 2907 2115 temperiem
2946 2030 3095 2109 illam
3129 2060 3328 2129 amisit,
3369 2075 3418 2121 et
3451 2085 3560 2140 quo

1968 2134 2075 2173 non
2134 2121 2431 2194 indigebat,
2487 2127 2597 2183 imo
2638 2135 2738 2189 sibi
2771 2139 2989 2194 vetitum
3047 2143 3238 2215 fuerat,
3270 2121 3559 2215 comedere

1965 2222 2262 2289 exoptavit,
2296 2235 2343 2280 et
2366 2228 2443 2285 sic
2474 2232 2743 2303 gradatim
2777 2253 2946 2308 usque
2986 2241 3054 2295 ad
3087 2258 3226 2313 opus
3255 2247 3476 2307 devenit
3505 2264 3560 2312 et

1965 2310 2225 2409 comedit,
2257 2323 2306 2367 et
2337 2324 2460 2373 tunc
2477 2336 2701 2377 omnino
2737 2310 3273 2397 mqualitatemsuam
3298 2342 3554 2409 perdidit.

1965 2393 2121 2462 Quod
2152 2399 2197 2492 si
2223 2401 2274 2455 in
2303 2405 2493 2474 primis
2516 2410 2590 2463 ita
2609 2428 2778 2483 super
2796 2430 2861 2469 eo
2879 2420 3159 2489 cogitaret,
3185 2434 3259 2492 ut,
3283 2393 3557 2490 bonumne

1962 2496 2030 2535 an
2062 2486 2263 2585 malum
2302 2502 2463 2562 esset,
2499 2499 2644 2568 quod
2690 2486 3194 2565 audiebatvtantum
3239 2486 3553 2588 inspiceret,

1963 2585 2067 2626 non
2097 2577 2255 2631 etiam
2286 2580 2534 2654 eligeret,
2588 2588 2773 2657 procul
2812 2590 2976 2647 dubio
3036 2614 3136 2654 nec
3169 2577 3418 2669 peccaret
3449 2577 3553 2667 nec

1960 2664 2321 2732 aequalitatem
2348 2673 2635 2741 amitteret,
2682 2679 2835 2733 verbi
2863 2683 3062 2752 gratia,
3095 2664 3553 2758 quemadmodum

1960 2773 2095 2864 cum.
2114 2764 2235 2833 quis
2261 2783 2364 2822 nec
2392 2769 2615 2826 nimium
2640 2773 2791 2830 laetus
2823 2786 2922 2845 est,
2971 2798 3073 2838 nec
3104 2783 3325 2844 nimium
3360 2792 3550 2864 tristis,

1954 2849 2052 2939 sed
2082 2849 2136 2905 in
2164 2862 2395 2925 utroque
2424 2862 2673 2931 aequalis,
2709 2866 2755 2918 si
2786 2882 3066 2926 rumorem
3098 2882 3225 2931 tunc
3257 2879 3416 2935 talem
3443 2849 3550 2939 au;

1952 2934 2079 3004 diat,
2109 2955 2215 3009 quo
2245 2952 2297 2997 et
2325 2944 2492 3000 irasci
2523 2956 2575 3002 et
2602 2965 2731 3019 non,
2766 2954 2811 3006 si
2843 2957 2991 3019 velit,
3029 2960 3229 3029 valeat,
3263 2966 3380 3037 ipse
3410 2982 3543 3029 vero

1953 3050 2118 3105 super
2141 3038 2236 3094 illo
2263 3041 2343 3096 sic
2388 3045 2730 3116 cogitaverit,
2764 3060 2823 3105 ut
2851 3055 3013 3111 etiam
3064 3076 3213 3129 mgre
3274 3063 3407 3122 ferat
3441 3070 3549 3128 hoc

1952 3125 2095 3222 quod
2120 3128 2609 3224 audierit,cholera
2625 3139 2842 3209 quidem
2864 3145 3035 3201 rubea
3063 3125 3143 3203 de
3163 3167 3269 3222 qua
3301 3125 3547 3224 procedit

1952 3214 2052 3281 ira,
2083 3231 2145 3269 ex
2179 3219 2563 3287 hujuscemodi
2593 3229 2929 3300 cogitatione
2965 3235 3018 3290 in
3053 3254 3119 3291 eo
3150 3214 3547 3317 commovetur,

1956 3313 2150 3420 et‘sic
2194 3316 2285 3373 ille
2320 3319 2544 3419 calescit
2589 3334 2750 3397 atque
2799 3329 3072 3402 irascitur,
3118 3346 3173 3393 et
3211 3358 3317 3412 quo
3364 3313 3545 3420 magis

1956 3400 2191 3471 calescit,
2253 3409 2427 3479 magis
2457 3419 2511 3466 et
2539 3414 2760 3471 cholera
2814 3432 3084 3491 movetur,
3120 3400 3294 3486 donec
3323 3400 3547 3494 omniiio

1954 3496 2246 3591 irascatur,
2279 3514 2331 3560 et
2354 3507 2434 3563 sic
2454 3512 2801 3569 mediocritas
2828 3526 2882 3571 et
2903 3525 3196 3591 temperies
3224 3528 3317 3583 illa
3347 3536 3549 3589 moesti-

1955 3585 2046 3680 tise
2075 3598 2236 3661 atque
2291 3594 2485 3652 laetitia}
2541 3618 2702 3670 quam
2735 3605 2884 3674 prius
2927 3585 3166 3667 habebat
3211 3585 3536 3680 destruitur:

1955 3674 2010 3729 Si
2042 3693 2176 3783 vero
2231 3682 2300 3737 de
2356 3701 2575 3744 rumore
2620 3690 2717 3746 illo
2770 3694 2840 3747 ita
2884 3700 3031 3768 quod
3060 3716 3184 3756 cum
3225 3721 3334 3761 non
3359 3709 3551 3783 pigeat

1954 3766 2260 3864 meditetur,
2319 3788 2421 3829 nec
2477 3777 2700 3836 cholera
2756 3766 3019 3854 movetur,
3074 3806 3174 3846 nec
3221 3766 3548 3864 ipse.h;mo

1954 3853 2178 3911 calescit
2231 3868 2319 3915 aut
2373 3861 2639 3934 irascitur,
2699 3885 2804 3926 nec
2852 3871 2924 3927 ab
2981 3891 3047 3933 eo
3104 3853 3549 3953 temperies

1957 3962 2264 4022 separatur.

2024 4077 2271 4135 Mersus.
2305 4084 2417 4140 Hoc
2445 4102 2574 4143 sane
2605 4092 2877 4151 credimus
2898 4113 3019 4168 nos,
3052 4103 3196 4173 quod
3228 4110 3284 4162 et
3312 4110 3544 4169 consilio

1953 4169 2223 4236 serpentis
2252 4172 2423 4227 Adam
2480 4183 2790 4246 peccaverit
2841 4187 3003 4257 (Gen.
3063 4169 3164 4261 in),
3226 4204 3279 4250 et
3327 4214 3398 4254 ex
3429 4202 3548 4270 ejus

1950 4264 2180 4323 peccato
2206 4262 2383 4317 omnis
2435 4264 2601 4322 homo
2653 4273 2816 4327 morti
2873 4277 3125 4335 addictus
3157 4283 3245 4339 sit.
3280 4262 3547 4348 Doctores

1952 4358 2185 4441 namque
2222 4352 2390 4448 nostri
2439 4355 2639 4412 multos
2676 4360 2844 4418 fuisse
2880 4365 3026 4423 viros
3069 4379 3410 4442 attestantur,
3453 4381 3550 4451 qui

1951 4430 2056 4485 nisi
2108 4438 2383 4507 serpentis
2425 4444 2652 4501 consilio
2694 4458 2747 4503 et
2786 4452 2920 4508 Adae
2965 4468 3190 4526 peccato
3242 4430 3549 4525 nullatedus

1950 4531 2313 4591 morerentur,
2348 4529 2415 4584 de
2445 4542 2757 4591 sanctorum
2780 4549 2960 4597 autem
2992 4548 3272 4606 animabus
3303 4557 3450 4625 quod
3477 4559 3547 4614 ad

1954 4616 2222 4711 ipfernum
2254 4634 2378 4694 post
2419 4638 2643 4687 moi-tem
2683 4634 3069 4697 descenderint
3100 4662 3208 4701 non
3245 4653 3544 4711 credimus.

1958 4705 2140 4775 Quare
2170 4710 2369 4807 si-inde
2422 4718 2659 4790 aliquam
2714 4729 3083 4787 auctoritatem
3139 4705 3545 4807 habeasgmihi

1955 4811 2152 4866 precor
2180 4800 2328 4857 illam
2359 4809 2609 4864 ostendas
2624 4851 2637 4865 .

2028 4921 2265 5025 l’arnus,
2340 4929 2583 4988 Breviter
2642 4937 2859 5010 quidem
2911 4941 3012 4999 tibi
3088 4946 3218 5003 illud
3266 4954 3543 5025 aperiam,

1956 5010 2051 5102 sed
2110 5020 2287 5070 tamen
2344 5022 2629 5078 nonnullas
2675 5027 2801 5084 inde
2842 5034 3190 5092 auctoritates
3222 5010 3547 5102 manifestas

1953 5095 2229 5204 inducti-ru.
2262 5105 2320 5158 lu
2350 5108 2554 5204 Genesi
2586 5130 2820 5189 namque
2850 5121 2919 5175 de
2948 5123 3118 5179 Jacob
3148 5095 3545 5204 legiturIquod

1954 5194 2007 5286 et
2037 5188 2251 5246 ﬁliabus
2280 5195 2394 5250 suis
2421 5198 2488 5253 ad
2518 5188 2911 5264 consolandum
2942 5228 3064 5267 eum
3094 5188 3261 5286 super
3299 5188 3544 5281 ﬁliolsuo

1952 5275 2155 5378 J'oseph
2180 5288 2572 5378 congregatis,
2613 5294 2783 5351 noluit
2817 5301 3090 5356 consolari
3138 5275 3328 5363 dicens
3363 5312 3545 5378 :Quia

1954 5362 2286 5525 ziésccndam
2345 5376 2417 5430 ad
2464 5378 2655 5445 ﬁlium
2712 5402 2901 5443 meum
2957 5391 3155 5462 lugens
3202 5397 3274 5452 ad
3326 5362 3546 5471 inferos

2022 5472 2116 5512 en.
2161 5469 2409 5525 xxxvu).

2022 5472 2116 5512 en.
2161 5469 2409 5525 xxxvu).

2024 5564 2274 5666 morsus.
2317 5569 2432 5666 Hoc
2462 5589 2592 5631 sane
2620 5579 2789 5636 Iacob
2818 5587 3117 5644 secundum
3148 5608 3350 5666 corpus
3378 5595 3539 5658 dixit.

1954 5651 2296 5759 .Per‘infleros‘
2317 5658 2461 5714 enim
2487 5670 2706 5737 terram,
2739 5670 2792 5725 in
2825 5690 2933 5743 qua
2960 5651 3299 5748 sepeliuntdr
3326 5701 3543 5759 omnes,

1952 5741 2183 5839 intelligi
2212 5746 2397 5803 voluit.
2432 5752 2508 5808 Ac
2535 5753 2583 5808 si
2611 5741 2854 5816 dicereti
2885 5741 3185 5839 Quousque
3216 5774 3423 5830 moriar
3440 5741 3547 5835 a’éi

1952 5830 2010 5886 in
2063 5837 2205 5889 terra
2251 5851 2370 5891 cum
2428 5839 2539 5897 tilio
2593 5861 2718 5903 meo
2769 5830 3031 5922 sepeliar,
3084 5830 3217 5930 quin
3244 5870 3298 5919 et
3326 5864 3546 5926 interitu

1953 5924 2073 5998 ipso
2102 5940 2315 5997 scmmr
2349 5926 2580 6003 lugebo.
