3966 6392
477 422 578 475 643

1437 417 1637 473 PETRI
1677 415 2020 473 ALPIIONSI
2058 415 2159 473 EX
2195 406 2435 475 ΠΗ)Εο
2475 417 2867 474 CHRILTIBNI

3690 418 3816 478 644

549 544 785 598 Panos.
825 541 947 596 Non
977 548 1060 596 est
1088 552 1278 596 verum
1308 539 1451 612 quod
1482 539 1640 595 dicis.
1673 536 1893 595 Sciebat
1920 537 2067 594 enim
2097 540 2154 602 Α
2250 539 2495 596 Morsas.
2532 540 2648 612 Ego
2680 556 2812 596 sane
2840 539 2973 596 nihil
3002 528 3259 600 desidero
3279 543 3383 600 nisi
3405 544 3726 601 veritatem.

483 631 634 702 quod
665 630 807 689 [ilius
836 646 966 684 suus
995 629 1048 683 in
1081 637 1229 684 terra
1262 644 1370 684 non
1402 636 1517 684 erat
1538 627 1804 699 sepultus,
1836 627 1950 683 imo
1978 642 2080 700 pu-

477 719 623 774 tabat
644 719 789 789 quod
811 718 881 773 ab
911 718 1093 789 aliqua
1119 717 1291 771 bestia
1314 728 1455 771 esset
1477 714 1793 771 devoratus.
1810 716 1924 772 Hoc
1946 730 2080 789 ergo

476 807 607 863 dixit
633 806 931 863 secundum
994 806 1289 860 animam:
1344 806 1482 872 Quia
1539 806 1611 861 nd
1666 805 1854 866 ﬁlium
1891 818 2081 860 meum

478 898 675 966 lugens
702 897 776 950 ad
803 897 1017 965 inferos
1084 895 1442 950 descendam.
1477 897 1555 950 Ac
1578 896 1627 948 si
1657 894 1866 949 dicaret
1899 910 1913 947 :
1945 894 2083 962 Quia

486 988 734 1034 mortuus
781 988 863 1033 est
928 977 1073 1033 ﬁlius
1136 994 1315 1043 meus,
1375 978 1596 1042 moriar,
1644 985 1697 1032 et
1751 975 1818 1031 ad
1881 976 2084 1031 inferos

482 1076 572 1130 ubi
614 1076 794 1129 anima
851 1073 973 1143 ejus
1021 1082 1131 1139 est,
1163 1083 1217 1130 et
1244 1089 1437 1130 omnes
1484 1073 1682 1130 animae
1722 1081 2081 1135 mortuorum,

470 1165 667 1236 lugens
704 1163 1010 1218 deveniam.
1060 1163 1204 1233 Quin
1262 1173 1314 1219 et
1363 1162 1469 1218 hoc
1520 1171 1743 1218 testatur
1786 1163 1966 1217 David
2018 1162 2073 1215 in

474 1248 689 1309 Psalmo
718 1267 843 1307 cum
887 1248 1019 1306 dicit
1048 1268 1062 1305 :
1101 1251 1240 1320 Quid
1270 1255 1355 1308 est
1395 1250 1554 1308 homo
1583 1253 1680 1323 qui
1710 1253 1855 1306 vivet
1880 1256 1935 1307 et
1959 1263 2077 1306 non

472 1342 675 1397 videbit
695 1344 957 1405 mortem,
985 1344 1040 1396 et
1057 1344 1217 1397 eruet
1238 1341 1496 1396 animum
1514 1356 1678 1396 suam
1699 1339 1770 1396 dc
1794 1352 1973 1396 manu
1996 1340 2078 1395 in-

470 1430 581 1501 fcri
601 1430 818 1497 ?(Psa!.
858 1432 1153 1498 Lxxxvin.)
1176 1430 1279 1483 Per
1300 1426 1406 1484 hoc
1429 1444 1666 1501 namque
1693 1443 1799 1499 quo
1818 1429 1913 1482 ait:
1945 1428 2077 1495 Qui:

473 1521 557 1575 eat
585 1516 745 1573 homo
766 1516 861 1590 qui
901 1519 1044 1572 vivet
1091 1522 1147 1573 et
1196 1534 1310 1574 non
1336 1517 1542 1573 videbit
1589 1521 1852 1582 mortem,
1904 1517 2081 1572 innuit

469 1605 673 1661 nullum
730 1622 853 1660 esse
883 1606 972 1677 qui
1004 1622 1112 1661 non
1162 1606 1428 1661 moriatur
1490 1606 1794 1672 hominem,
1828 1622 1928 1675 per
1974 1606 2080 1661 hoc

469 1701 650 1749 autem
697 1693 843 1765 quod
873 1703 978 1759 est,
1017 1697 1073 1749 et
1097 1699 1259 1750 eruet
1302 1695 1557 1749 animum
1589 1710 1752 1750 suam
1798 1694 1865 1750 de
1900 1711 2077 1753 manu

468 1784 664 1855 iri/eri,
703 1782 940 1837 insinuat
967 1781 1173 1837 nullam
1209 1790 1458 1851 tempore
1494 1799 1593 1837 suo
1626 1783 1862 1839 animam
1894 1785 1961 1839 de
1992 1784 2079 1837 in-

469 1871 609 1928 ferni
641 1886 802 1926 manu
831 1870 1072 1943 potuisse
1102 1866 1337 1929 servari.
1402 1868 1662 1926 Ezechias
1693 1887 1910 1943 quoque
1942 1881 1997 1927 ut
2026 1872 2077 1927 in
2110 1896 2162 1959 Β

470 1959 608 2017 Isaia
655 1959 891 2033 legimus
927 1954 1057 2016 licet
1111 1958 1286 2014 bonus
1319 1960 1481 2013 homo
1532 1966 1585 2015 et
1627 1968 1847 2014 sanclus
1896 1955 2080 2027 fuerit,

471 2050 614 2106 sicut
642 2044 697 2104 in
725 2048 975 2104 oratione
1006 2060 1103 2102 sua
1134 2056 1365 2103 testatur
1411 2048 1527 2118 ipse
1561 2063 1681 2104 cum
1716 2050 1840 2101 dmi!
1869 2064 1882 2103 :
1918 2051 2084 2105 Obsc-

488 2162 602 2214 cro,
619 2142 1665 2218 Domine,memento,quwso,qumnodu
1678 2146 2085 2203 ambulaverint

472 2248 664 2293 coram
688 2238 742 2290 te
778 2234 841 2290 in
868 2233 1108 2290 veritate
1142 2237 1198 2290 et
1242 2236 1303 2290 in
1342 2235 1505 2291 corde
1540 2237 1811 2309 per/ccta.
1840 2240 1897 2292 ct
1938 2234 2086 2309 quod

472 2337 676 2392 bonum
699 2339 785 2389 est
808 2334 1066 2389 innculis
1092 2332 1210 2388 tuis
1245 2334 1481 2406 fecerim
1502 2331 1755 2404 (lVlleg.
1791 2334 1902 2405 xx),
1939 2334 2083 2401 licet,

469 2423 713 2495 inquam,
746 2432 971 2477 sanctus
1028 2420 1206 2487 fuerit,
1242 2420 1307 2476 ad
1370 2419 1653 2477 infernum
1694 2432 1875 2478 tamen
1900 2439 1960 2477 se
1991 2422 2086 2478 de-

473 2525 792 2566 scensurum
822 2518 946 2566 esea
974 2508 1234 2576 ostendit,
1272 2526 1397 2566 cum
1429 2508 1480 2565 in
1513 2512 1869 2582 sequentibus
1916 2512 2082 2566 dicit:

477 2594 585 2669 Ego
601 2596 747 2665 dixi,
768 2598 829 2654 in
850 2597 1083 2654 dimidio
1106 2598 1324 2655 dierum
1346 2615 1600 2655 meorum
1630 2598 1829 2656 vadum
1849 2600 1921 2655 ad
1941 2617 2076 2673 por-

482 2704 569 2753 tas
590 2694 768 2768 inferi
806 2697 945 2765 (lsa.
972 2698 1227 2768 xxxvm).

536 2829 783 2886 Mersus.
815 2828 872 2885 Si
894 2827 965 2884 ita
993 2837 1148 2885 estut
1180 2829 1406 2896 asseris,
1430 2837 1559 2885 tunc
1579 2837 1633 2885 et
1652 2828 2075 2901 patriarcharum

474 2918 673 2975 anima:
696 2925 750 2973 et
775 2919 1630 2990 pr0phetarum,ca3terorumque
1646 2929 1957 2974 sanctorum
1972 2934 2080 2973 om-

474 3008 621 3063 nium
678 3015 805 3061 ante
859 3015 1094 3062 mortem
1154 3006 1316 3069 illius,
1351 3020 1510 3077 quem
1569 3007 1845 3063 Christum
1873 3008 2075 3068 dicitis.

474 3094 872 3162 defunctorum,
903 3111 1008 3149 una
1061 3111 1182 3149 cum
1222 3095 1511 3153 animabus
1549 3095 1842 3168 impiorum
1871 3097 1923 3151 in
1956 3096 2078 3152 loco

475 3200 583 3242 uno
613 3184 905 3240 demoratus
933 3191 1052 3239 sunt
1068 3224 1081 3237 .

543 3310 806 3365 Paraus.
852 3308 1051 3364 Verum
1085 3308 1326 3376 profecto
1357 3314 1454 3372 est,
1493 3309 1636 3381 quod
1665 3309 1717 3363 in
1750 3307 2079 3365 obscuritate

477 3413 669 3454 omnes
724 3412 789 3455 ao
844 3396 1104 3463 tenebris,
1139 3398 1236 3451 sed
1286 3412 1395 3452 non
1451 3406 1609 3453 erant
1636 3414 1829 3454 omnes
1860 3400 1912 3452 in
1946 3397 2080 3453 locis

474 3485 796 3557 pacalibus,
855 3485 976 3541 sive
1033 3484 1339 3556 suppliciis,
1389 3499 1514 3540 nam
1539 3486 1695 3555 juxta
1752 3487 1942 3542 merita
1984 3502 2079 3540 sua

474 3574 881 3631 retribuebatur
926 3572 1158 3644 singulis
1190 3584 1566 3631 verumtamen
1596 3590 1790 3629 omnes
1820 3576 1873 3629 in
1902 3575 2077 3630 infer-

477 3680 548 3721 no
575 3672 629 3719 et
647 3663 749 3718 sub
799 3664 921 3731 jure
950 3671 1110 3719 erant
1139 3663 1363 3717 diaboli.
1416 3662 1612 3718 Nullus
1659 3665 1803 3719 enim
1835 3670 2078 3719 mortuus

478 3761 546 3816 ab
588 3760 757 3817 Adam
806 3777 979 3833 usque
1024 3761 1095 3817 ad
1139 3768 1373 3816 mortem
1420 3760 1619 3816 Christi
1651 3764 1887 3818 claustra
1916 3762 2075 3820 devi-

474 3857 608 3913 tavit
648 3854 867 3925 inferni,
910 3867 961 3911 et
1004 3859 1106 3913 hoc
1146 3858 1479 3929 percipimus
1535 3872 1607 3913 ex
1651 3858 1832 3914 Verbis
1882 3860 2074 3933 Moysi,

476 3947 721 4020 quicum
765 3944 907 4002 ﬁlios
962 3947 1133 4002 lsrael
1194 3947 1517 4003 admoneret
1572 3948 1748 4004 facere
1802 3959 2079 4021 praecepta

478 4044 715 4111 Domini,
754 4052 808 4101 et
837 4044 918 4100 eis
946 4044 1276 4115 praediceret
1319 4061 1441 4116 quat
1482 4044 1608 4101 inde
1639 4047 1864 4117 prmmia
1893 4057 2078 4104 essent

474 4143 732 4209 habituri,
760 4143 896 4198 nihil
935 4160 1176 4216 unquam
1203 4144 1273 4200 de
1304 4143 1636 4199 beatitudine
1676 4145 1949 4216 pollicitua
1996 4155 2077 4201 est

476 4239 747 4313 paradisi.
812 4241 1007 4297 Notum
1060 4241 1203 4296 enim
1254 4241 1369 4309 jam
1424 4251 1622 4298 extune
1670 4242 1842 4298 fuerat
1895 4244 2078 4298 omni-

480 4331 581 4385 bus
634 4329 908 4391 neminem
955 4329 1086 4386 illuc
1138 4345 1263 4387 esse
1304 4330 1635 4385 intraturum
1678 4338 1802 4387 abte
1845 4341 2076 4388 mortem

482 4426 707 4484 Christi.

551 4562 805 4617 Moyses.
829 4558 951 4617 Non
982 4559 1055 4617 ob
1085 4554 1189 4619 hoc
1216 4558 1411 4632 opinor
1440 4562 1585 4636 quod
1617 4563 1795 4619 dixisti
1828 4563 1896 4620 de
1928 4580 2084 4635 para-

2262 627 2499 685 Parnus.
2534 631 2592 684 In
2623 628 2811 701 primis
2848 629 3028 703 itaque
3074 644 3261 705 quaero
3291 645 3320 687 a
3351 641 3401 689 te
3432 650 3538 706 quo
3570 634 3625 688 in
3662 630 3812 691 loco

2190 724 2384 782 fuerint
2413 736 2723 784 sanctorum
2746 728 2961 794 animae,
2986 744 3106 785 cum
3139 746 3232 785 eas
3261 729 3314 785 in
3345 726 3557 788 inferno
3587 732 3814 788 credas

2192 831 2297 870 non
2323 812 2510 871 fuisse.

2262 906 2503 960 Marsus.
2536 907 2596 960 in
2627 905 2768 962 cosio
2797 905 2983 977 utique
3012 906 3186 963 there.

2265 990 2501 1050 Pramus.
2537 992 2615 1049 Dc
2649 996 2752 1049 hoc
2795 995 2974 1057 etiam,
3008 1010 3215 1068 quaeso,
3265 995 3555 1068 responde,
3593 997 3648 1053 si
3685 1015 3811 1053 un-

2194 1098 2358 1154 quam
2391 1083 2478 1138 Vel
2506 1079 2710 1156 legeris
2751 1082 2836 1138 vel
2869 1083 3127 1150 audieris,
3161 1101 3443 1158 quousque
3491 1084 3656 1142 altius
3690 1099 3811 1159 po-

2184 1178 2351 1227 testas
2378 1187 2589 1240 eorum,
2642 1164 2735 1244 qui
2764 1173 2819 1227 in
2849 1173 3251 1230 necromantica
3296 1183 3416 1231 arte
3464 1183 3801 1247 Operanlur,

2184 1271 2359 1343 possit
2384 1268 2707 1328 ascendere.

2258 1362 2508 1417 Marses.
2550 1361 2734 1435 Usque
2767 1359 2835 1417 ad
2868 1360 3279 1417 ﬁrmamentum
3313 1363 3719 1420 tantummodo.

2264 1470 2503 1524 PETRUS.
2542 1470 2607 1524 Et
2638 1478 2819 1540 potest
2845 1469 2974 1523 illud
3006 1462 3347 1541 aliiuatenus
3380 1470 3654 1527 transire?

2266 1576 2512 1632 Mors-as.
2548 1575 2736 1631 Mirum
2778 1584 2861 1630 est
2894 1577 3038 1648 quod
3071 1576 3295 1645 quaeri-,
3329 1592 3451 1632 cum
3479 1594 3584 1633 non
3616 1577 3809 1634 solum

2187 1682 2217 1721 a
2247 1664 2607 1737 sapientibus,
2640 1666 2737 1719 sed
2776 1674 2881 1720 eta
2928 1661 3128 1720 vetulis
3161 1666 3214 1720 in
3252 1666 3539 1739 proverbio
3583 1656 3808 1722 dictum

2188 1771 2312 1810 esse
2340 1753 2598 1819 audieris,
2641 1762 2846 1808 tantum
2878 1752 3044 1809 habes
3072 1754 3130 1808 in
3161 1754 3282 1820 hoc,
3328 1763 3587 1825 quantum
3620 1755 3800 1810 habet

2190 1832 2439 1898 diabolus
2470 1842 2523 1897 in
2553 1843 2725 1899 cmlis.

2268 1952 2508 2006 Passus.
2566 1950 2724 2006 Nunc
2763 1949 2928 2019 igitur
2972 1948 3101 2006 volo
3157 1949 3307 2007 dicas
3338 1949 3805 2022 quemadmodum

2194 2045 2394 2103 eredas
2425 2044 2623 2102 factum
2662 2046 2808 2117 quod
2862 2046 2913 2101 in
2944 2044 3083 2099 libro
3137 2045 3340 2119 legitur
3382 2048 3553 2117 primo
3580 2048 3801 2120 Regum

2195 2137 2339 2207 (cup.
2373 2140 2583 2205 xxvnt),
2618 2133 2922 2190 Samuelem
2974 2134 3183 2190 scilicet
3223 2152 3319 2205 per
3348 2136 3638 2192 mulierem
3672 2154 3801 2207 quae

2195 2225 2487 2295 pythonem
2548 2224 2780 2277 habebat
2824 2224 3167 2288 suscitatam,
3212 2241 3480 2281 verumne
3519 2226 3667 2280 enim
3700 2225 3799 2283 fuit

2194 2314 2309 2368 sive
2340 2312 2682 2367 iantasticum
2705 2317 2727 2367 2'

2263 2419 2508 2474 Marsus.
2543 2411 2719 2473 Multis
2754 2417 2930 2473 modis
2961 2418 3205 2489 proiecto
3236 2434 3422 2474 verum
3456 2416 3787 2483 Ostenditur,

2192 2522 2300 2563 uno
2330 2508 2548 2579 quidem
2604 2507 2750 2579 quod
2804 2507 2932 2562 inde
2976 2510 3226 2578 patenter
3254 2507 3512 2579 loquitur,
3554 2507 3798 2580 qualiter

2193 2598 2403 2661 scilicet
2432 2605 2499 2660 de
2530 2612 2671 2660 terra
2692 2601 3025 2667 ascenderit,
3055 2605 3228 2676 qualis
3262 2602 3434 2659 forma
3462 2605 3596 2674 ejus,
3630 2613 3790 2676 artas,

2187 2703 2680 2774 vestimentumque
2740 2702 2922 2768 fuerit,
2954 2711 3008 2757 et
3054 2702 3329 2773 quomodo
3387 2716 3457 2757 ex
3506 2710 3659 2773 parte
3692 2698 3793 2757 Del

2186 2792 2368 2847 omnia
2388 2808 2509 2863 qum
2534 2790 2660 2847 Saul
2683 2792 2954 2863 quaesivit,
2983 2790 3249 2848 veraciter
3271 2791 3389 2861 ipse
3413 2791 3784 2862 responderit,

2186 2889 2243 2937 et
2269 2880 2532 2953 quidquid
2560 2879 2715 2945 dixit,
2765 2880 2958 2935 falsum
3003 2879 3129 2934 inde
3170 2880 3467 2951 quidquam
3522 2896 3630 2939 non
3664 2879 3780 2947 fuit,

2185 2970 2293 3025 alio
2316 2986 2467 3035 vero,
2496 2969 2643 3042 quod
2679 2968 2806 3024 Saul
2834 2969 2886 3024 in
2919 2977 3185 3040 potestate
3233 2968 3478 3023 mulieris
3524 2985 3646 3023 esse
3678 2974 3785 3028 sci-

2186 3074 2286 3131 ret,
2319 3065 2465 3137 quod
2516 3065 2826 3121 Samuelem
2882 3064 3144 3120 suscitare
3174 3073 3378 3134 posset,
3442 3065 3625 3135 utique
3657 3081 3782 3121 eum

2187 3163 2439 3220 suscitari
2468 3180 2575 3219 non
2607 3172 2851 3236 regat-et,
2887 3163 3049 3219 tertio
3099 3171 3304 3229 autem,
3356 3164 3501 3234 quod
3532 3163 3781 3219 doctores

2107 3250 2156 3325 C
2188 3261 2361 3317 nostri
2391 3263 2563 3316 Deum
2623 3261 2777 3316 Sauli
2832 3270 3125 3332 peceatum
3185 3273 3344 3314 suum
3374 3260 3428 3314 in
3478 3269 3651 3315 morte
3682 3276 3781 3315 sua

2188 3346 2443 3406 asserunt
2462 3349 2825 3417 coudonssse,
2863 3366 2928 3406 ex
2960 3349 3133 3419 ipsius
3162 3348 3430 3404 Samuelis
3460 3349 3526 3404 ad
3560 3349 3779 3404 Saulem

2189 3463 2465 3503 sermone.
2508 3448 2584 3503 Kx
2618 3448 2719 3502 hoc
2746 3446 2889 3501 enim
2912 3446 3053 3515 quod
3077 3445 3206 3501 dicit
3231 3463 3244 3500 :
3281 3446 3414 3502 Cras
3435 3450 3625 3502 autem
3648 3452 3709 3501 tu
3724 3451 3780 3501 et

2187 3531 2295 3598 ﬁlii
2309 3534 2399 3588 tui
2415 3546 2633 3588 mecum
2646 3532 2810 3587 erilis
2823 3531 3025 3600 (ibid),
3048 3531 3406 3599 comprobant
3428 3530 3640 3587 Saulem
3657 3545 3777 3586 cum

2187 3621 2439 3677 Samuele
2468 3620 2524 3675 in
2549 3620 2732 3676 locum
2759 3619 3045 3676 devenisse
3076 3620 3292 3691 quietis.

2212 3724 2215 3727 ’
2260 3727 2496 3781 Panos.
2532 3727 2799 3781 Veramne
2830 3743 2897 3781 an
2929 3726 3123 3782 falsum
3143 3725 3326 3792 fuerit,
3359 3725 3560 3780 diutius
3589 3725 3772 3797 dispu-

2185 3823 2300 3871 tare
2329 3831 2435 3870 non
2469 3815 2676 3886 placet.
2716 3816 2822 3871 Sed
2851 3817 2900 3870 si
2959 3815 3030 3869 ita
3060 3823 3162 3880 est,
3218 3822 3278 3869 ut
3331 3814 3554 3880 asseris,
3602 3814 3773 3886 qualis

2185 3920 2285 3974 per
2315 3914 2483 3959 artem
2504 3905 2962 3963 necromanticam
2985 3904 3160 3975 potuit
3180 3904 3449 3968 suscitari,
3480 3903 3527 3957 si
3551 3903 3607 3957 in
3631 3904 3772 3959 cmlo

2186 3994 2377 4049 esset?
2406 3992 2564 4061 Quod
2586 3994 2630 4047 si
2661 3994 2712 4048 in
2747 3993 2888 4049 6(1th
2944 4009 3051 4048 non
3085 4001 3223 4056 erat,
3258 3993 3448 4062 procul
3484 3991 3647 4049 dubiu
3674 3993 3771 4048 sub

2186 4076 2390 4133 diaboli
2416 4080 2560 4145 jure,
2594 4087 2648 4134 et
2674 4078 2726 4132 in
2757 4078 2972 4134 inferno
3002 4077 3349 4148 quiescebat.

2256 4184 2503 4243 Marses.
2539 4186 2687 4239 Bene
2716 4183 2846 4239 mihi
2878 4182 3164 4238 insidiatus
3212 4199 3293 4249 es,
3326 4192 3378 4238 et
3420 4182 3559 4239 bene
3590 4197 3670 4237 me
3698 4180 3770 4237 vi-

2186 4271 2328 4337 cisti,
2385 4272 2629 4343 satisque
2685 4274 2790 4329 huc
2846 4288 3021 4343 usque
3078 4279 3365 4327 ostensum
3398 4280 3498 4338 est,
3551 4271 3768 4342 qualiter

2185 4368 2468 4424 devenerit
2516 4370 2682 4425 homo
2712 4370 2765 4425 in
2798 4378 3015 4424 manum
3067 4368 3294 4423 diaboli.
3355 4367 3611 4439 Sequitur
3637 4380 3764 4439 ergo

2186 4464 2244 4511 ut
2271 4458 2552 4528 expianes,
2575 4472 2675 4513 cur
2718 4459 2843 4513 inde
2894 4470 3017 4514 eum
3050 4458 3197 4513 Deus
3222 4458 3488 4524 eduxerit,
3518 4468 3637 4513 cum
3671 4458 3763 4511 de-

2185 4555 2370 4611 cidere
2401 4568 2695 4627 perpessus
2727 4557 2823 4613 sit.

480 4659 600 4715 diso
627 4652 776 4732 loqui
814 4657 1029 4730 Moyses
1065 4656 1297 4730 distulit,
1336 4658 1435 4716 sed
1474 4664 1697 4733 agnovit
1742 4663 1865 4735 quia
1900 4665 2077 4735 magis
2109 4624 2161 4688 Ο
2260 4662 2497 4717 Plenus.
2534 4663 2801 4719 Damnata
2841 4663 3009 4734 igitur
3056 4674 3266 4735 genere
3297 4661 3536 4718 humano
3566 4674 3624 4716 ex
3655 4674 3760 4716 ser-

481 4754 667 4814 velhis
698 4754 1005 4812 visibilibus
1028 4754 1185 4811 bonis
1203 4774 1325 4829 quae
1346 4775 1693 4831 summopere
1724 4763 2075 4834 exoptabant,

478 4854 549 4910 ab
576 4852 940 4911 obediendum
967 4852 1071 4908 Dei
1093 4853 1381 4925 prreceptis
1406 4855 1717 4921 admonere,
1741 4858 1821 4911 vel
1845 4875 2081 4928 praesen-

479 4943 627 4999 tibus
655 4941 814 4997 mslis
844 4942 1235 5013 laboribusque
1278 4958 1416 5015 quos
1460 4943 1741 5008 timebant,
1777 4946 1845 5000 ab
1877 4945 2078 5018 iniqui-

480 5038 683 5095 tatibus
709 5036 824 5094 suis
863 5047 1049 5110 posset
1087 5039 1443 5107 absterrere;
1489 5059 1650 5115 quam
1690 5044 1735 5099 si
1770 5042 1842 5100 de
1888 5044 2082 5102 futuris

480 5126 762 5201 suppliciis
810 5126 1158 5200 prazdiccret,
1193 5137 1286 5184 aut
1318 5129 1528 5186 cmlesti
1561 5148 1726 5206 quam
1761 5134 2084 5192 nesciebant

478 5222 811 5282 beatitudine
824 5265 837 5280 .

549 5363 794 5423 Penus.
836 5365 1012 5422 Prava
1039 5372 1125 5420 est
1152 5363 1258 5420 ista
1296 5371 1384 5420 tua
1418 5363 1630 5437 opinio.
1686 5370 1826 5425 Nam
1859 5371 1904 5425 si
1936 5380 1986 5426 et
2014 5370 2083 5428 de

481 5450 680 5520 duplici
705 5451 953 5522 praemio,
981 5461 1036 5508 et
1063 5453 1133 5509 de
1161 5452 1366 5525 duplici
1397 5469 1523 5510 cum
1545 5456 1625 5511 eis
1652 5460 1842 5529 ageret
1874 5459 2085 5531 suppli-

484 5538 592 5625 cio,
631 5547 784 5596 tanto
820 5540 997 5614 magis
1054 5551 1108 5598 et
1160 5542 1230 5598 ad
1288 5542 1492 5599 malum
1552 5545 1887 5617 fugiendum,
1931 5559 1985 5604 et
2012 5551 2082 5606 ad

482 5634 684 5693 bonum
710 5636 1039 5694 admoneret
1066 5639 1540 5710 amplectendam.
1602 5644 1871 5700 Praiterea
1900 5654 2080 5702 autem

485 5725 532 5780 si
559 5724 641 5780 vis
668 5726 955 5782 ostendam
999 5726 1095 5783 tibi
1121 5729 1421 5785 secundum
1463 5737 1610 5787 tuam
1639 5733 1811 5804 ipsius
1838 5736 2082 5791 creduli-

485 5822 673 5881 tatem,
702 5824 1026 5873 sanctorum
1072 5817 1288 5873 animus
1329 5820 1380 5872 in
1424 5821 1637 5873 inferno
1670 5822 1863 5882 fuisse.
1896 5833 1944 5876 ei
1979 5827 2081 5879 sub

484 5907 684 5968 diaboli
707 5910 849 5981 jure,
883 5919 1010 5968 ante
1037 5911 1239 5968 Christi
1272 5923 1529 5969 mortem.

2193 4752 2367 4822 peritis
2423 4753 2673 4817 consilio,
2733 4757 2789 4808 et
2842 4752 3005 4824 primi
3054 4750 3295 4822 ptrentis
3354 4751 3482 4807 Adin
3540 4758 3757 4821 peccato,

2189 4853 2464 4915 damnato,
2525 4853 2768 4923 inquam,
2826 4865 2892 4908 ac
2947 4851 3168 4922 duplici.
3232 4856 3285 4906 ut
3322 4850 3574 4913 diximus,
3608 4856 3760 4903 morte

2191 4945 2433 5013 multato,
2460 4946 2720 5021 quoniam
2758 4949 2970 5005 fuerunt
3006 4946 3159 5003 multi
3178 4941 3349 5005 sancti
3382 4945 3501 5013 viri,
3527 4942 3611 5017 qui
3633 4943 3758 5000 nullo

2188 5048 2481 5101 commisso
2513 5062 2611 5103 suo
2657 5048 2709 5102 in
2739 5042 2988 5119 laqueum
3043 5045 3360 5101 deciderant
3416 5042 3637 5109 diaboli,
3668 5042 3756 5098 nisi

2189 5133 2283 5190 illo
2315 5135 2484 5190 veteri
2537 5151 2769 5208 pecca=o
2800 5151 2862 5192 ac
2918 5134 3077 5207 quasi
3126 5137 3237 5206 jam
3272 5132 3523 5198 naturali,
3559 5131 3755 5187 intuitus

2191 5226 2295 5281 hoc
2323 5222 2549 5293 generis
2580 5226 2842 5285 Conditor
2869 5225 3110 5293 humani,
3145 5226 3345 5297 pietate
3377 5232 3555 5277 motus
3584 5233 3637 5277 ac
3665 5219 3753 5274 mi-

2191 5318 2505 5392 sericordia,
2539 5340 2633 5379 eos
2662 5325 2787 5381 inde
2819 5322 2986 5381 voluit
3017 5324 3264 5379 liberari.

2264 5432 2508 5493 Mersus.
2542 5440 2608 5494 Et
2636 5458 2779 5505 cum,
2814 5450 2871 5496 ut
2902 5439 3125 5505 asseris,
3160 5453 3324 5508 super
3351 5451 3445 5490 eos
3477 5428 3626 5488 fuerit
3652 5431 3750 5502 pie-

2191 5533 2299 5581 tate
2326 5537 2651 5595 commotus,
2711 5547 2882 5602 quare
2939 5547 3035 5585 eos
3092 5526 3293 5583 ibidem
3328 5520 3511 5579 tandiu
3552 5518 3750 5576 detineri

2190 5622 2274 5668 est
2303 5628 2516 5687 passus,
2556 5617 2800 5674 videlicet
2831 5618 2900 5673 ad
2940 5618 3092 5674 illius
3125 5634 3285 5690 quem
3319 5611 3595 5669 Christum
3619 5607 3751 5680 apel-

2189 5702 2311 5758 latis
2341 5714 2571 5777 tempus.

2282 5828 2520 5881 l’urntrs.
2553 5824 2672 5877 Non
2703 5824 2806 5879 hoc
2839 5838 2970 5876 sane
3019 5820 3225 5892 iustitia
3282 5816 3485 5886 aliqua.
3540 5831 3627 5869 sec
3652 5810 3747 5869 sola

2190 5924 2315 5979 fecit
2370 5925 2567 5995 pietate
2624 5938 2741 5989 sua,
2775 5934 2837 5977 ac
2890 5920 3129 5995 simp‘ici
3163 5916 3417 5980 bonitate,
3454 5922 3509 5969 et
3546 5912 3745 5983 simplex
