3966 6448
180 393 256 463 tia
1792 410 1872 477 bl.

1988 421 2083 477 )Ul
3461 408 3564 470 liiii

175 531 369 618 Ψιίάθηι
395 540 729 616 bonitas,
757 556 836 604 ut
875 548 936 604 in
962 555 1162 605 nostra:
1203 545 1582 604 collocutionis
1636 544 1863 602 exordio
1890 548 1946 609 Α
1974 543 2122 618 quod
2148 543 2314 601 totius
2340 539 2688 614 contagionis
2717 548 2772 597 et
2823 541 3033 611 peccati
3064 546 3265 612 expers
3295 548 3566 606 servaret,

179 617 423 696 dilimus,
461 648 600 691 nec
638 648 1007 693 mensuram
1062 648 1168 693 nec
1221 634 1512 693 terminum
1568 634 1733 692 debet
1758 635 1861 691 ba-
1964 617 2232 706 quatenus
2286 632 2468 703 ipsum
2500 630 2572 684 ita
2625 630 2888 684 mundum
2917 637 2971 685 et
3024 628 3093 685 ab
3123 630 3269 684 omni
3301 628 3428 684 vitio
3460 642 3566 701 pu-

183 706 311 769 bere.
1966 738 2105 787 rum,
2136 720 2269 776 illud
2299 718 2569 791 generale
2624 718 2886 774 delictum
2942 718 3213 773 redimere
3268 726 3475 789 posset,
3510 724 3564 773 et

246 820 546 883 Μογειε,
600 831 688 884 Et
725 847 945 903 quam,
976 838 1033 884 ιιι
1062 842 1225 901 sapt,
1267 829 1396 892 δίχίῖ
1429 844 1550 885 cum
1583 842 1678 885 eo,
1708 829 1861 883 rem-
1966 810 2144 903 ipsum
2173 810 2245 863 ab
2274 825 2341 864 eo
2368 807 2461 903 qui
2492 814 2788 903 rerum‘est
2836 806 3562 903 principiumessumptum,

193 907 258 963 mi
280 913 468 969 voluit
503 919 643 972 sub
678 894 814 975 hoc
843 926 1116 991 potestate
1132 894 1252 973 non
1313 917 1459 985 fecit,
1484 918 1595 974 imo
1624 917 1867 974 Verbum
1967 898 2204 994 Ρτίωιξξη
2234 898 2477 953 omnium
2507 900 2789 994 Ρθίξοδῑυω
2817 895 3049 993 den???»
3095 895 3223 992 Ψιίῖξ
3251 904 3305 949 ει
3361 902 3417 993 υξ
3445 894 3564 993 sine

200 1012 350 1055 suum
379 1002 712 1061 iummaﬁ
743 1023 824 1064 ac
845 987 965 1075 ’μή
995 1005 1201 1061 malum
1968 987 2174 1042 carnali
2201 993 2358 1057 patre
2385 987 2753 1056 progenitum,
2783 987 3136 1038 commissum
3168 987 3294 1052 ejus
3324 987 3416 1055 qui
3445 987 3568 1038 sine

1966 1090 2121 1154 patre
2153 1081 2329 1137 factus
2358 1089 2443 1136 est
2472 1079 2742 1135 auferret.
2783 1080 3051 1134 Praeterea
3076 1089 3131 1133 ut
3164 1081 3311 1134 Deus
3341 1092 3437 1133 eos
3468 1079 3564 1151 qui

1970 1186 2093 1227 cum
2123 1179 2296 1224 morte
2329 1168 2421 1223 ﬁlii
2456 1168 2542 1223 sui
2567 1184 2597 1220 ει
2627 1168 2832 1223 diaboli
2888 1168 3084 1239 laqueo
3117 1168 3329 1223 liberati
3358 1176 3566 1234 essent,

1970 1259 2186 1330 propria
2217 1259 2486 1327 deinceps
2515 1256 2799 1327 iniquitate
2827 1256 2881 1310 in
2911 1256 3093 1326 ipsum
3130 1256 3476 1323 recidisaeut,
3513 1256 3570 1310 in

273 1119 558 1185 Pergus.
597 1124 786 1199 Quod
822 1128 928 1186 hoc
982 1129 1144 1187 modo
1190 1146 1287 1186 eos
1343 1124 1562 1201 eripuit,
1595 1126 1867 1199 sapientia

223 1215 480 1287 proiecto
515 1219 959 1290 perfectissima
1004 1216 1120 1285 fuit,
1154 1218 1293 1276 sicut
1322 1218 1375 1273 in
1424 1214 1546 1273 aliis
1574 1216 1687 1271 suis
1716 1216 1869 1271 inve-

232 1306 372 1370 nitur
404 1316 694 1387 operibus
728 1317 961 1389 priscis.
992 1316 1124 1372 Cum
1155 1316 1300 1372 enim
1336 1310 1633 1386 quondam,
1665 1323 1720 1368 ut
1753 1314 1871 1385 ipse

241 1405 402 1471 nosti,
434 1406 722 1476 populum
754 1422 919 1460 suum
966 1405 1131 1460 Israel
1164 1406 1233 1461 de
1288 1404 1609 1475 [Egyptiaca
1640 1400 1871 1470 captivi-

249 1503 353 1548 tate
383 1498 618 1564 pararet
664 1495 931 1560 educere,
956 1494 1441 1566 Egyptiorumque
1508 1488 1872 1563 primogenita

259 1582 497 1655 maligno
528 1584 729 1652 spiritu
754 1581 923 1635 vellet
951 1582 1222 1644 occidere,
1257 1592 1385 1635 suos
1417 1579 1724 1634 incolumes
1755 1593 1872 1633 ser-

256 1684 415 1735 vare,
446 1684 654 1741 agnum
689 1670 776 1724 vel
809 1670 1023 1725 haedum
1055 1668 1203 1740 ipsos
1246 1678 1346 1739 per
1385 1668 1579 1723 domos
1632 1667 1874 1737 singulas

259 1760 525 1831 praecepit
550 1758 869 1823 immolare,
900 1758 1039 1812 ostia
1086 1756 1373 1812 domorum
1421 1754 1642 1811 iniicere
1672 1753 1870 1823 (Exod.

258 1849 396 1917 xu),
417 1858 471 1901 ut
501 1847 731 1902 veniens
762 1845 1035 1916 malignus
1062 1845 1283 1916 spiritus
1311 1843 1535 1899 domum
1566 1843 1659 1898 illo
1688 1850 1873 1897 trans-

1969 1346 2060 1402 die
2082 1346 2269 1416 iudicii
2299 1345 2693 1401 rationabiliter
2721 1344 3032 1400 damnaret.

2040 1461 2303 1516 Movsrzs.
2335 1459 2467 1516 Cum
2498 1456 2648 1513 illum
2709 1474 2865 1530 quem
2916 1456 3190 1515 Christum
3237 1456 3419 1515 dicitis
3468 1472 3569 1529 pro

1972 1548 2344 1620 redemptione
2368 1552 2601 1602 humana
2623 1546 2893 1602 voluntate
2920 1557 3219 1619 Sponlanea
3242 1546 3569 1603 occubuisse

1970 1638 2359 1703 asseratis,cur
2388 1634 2507 1704 ejus
2536 1634 2914 1691 interfectores
2948 1635 3351 1701 condemnatis,
3371 1642 3568 1690 etcum

1972 1735 2178 1781 tantum
2208 1727 2543 1781 voluntatem
2572 1723 2697 1796 ejus
2753 1725 3141 1796 complessent,
3177 1723 3395 1797 peccati
3442 1734 3571 1780 reos

1972 1819 2213 1874 astruitis
2243 1821 2272 1875 τ

257 1909 660 1990 iret-infectam
693 1909 989 2007 sanguine.
1031 1909 1140 1989 Sed
1197 1948 1320 1988 cum
1354 1932 1512 1988 vellet
1543 1946 1638 1987 eos
1668 1931 1742 1986 ita
1773 1946 1872 1987 cu-
1903 1909 1955 1969 Β
2049 1927 2307 1980 Purncs.
2338 1926 2393 1981 Si
2412 1941 2477 1981 ea
2496 1926 2574 1980 uti
2593 1942 2683 1998 jue
2720 1924 3018 1981 intentione
3042 1925 3564 1996 fecissent,scilicet,

257 2024 507 2090 stodire,
538 2039 723 2078 nonne
753 2031 959 2094 poterat
990 2022 1197 2093 absque
1228 2022 1332 2077 hoc
1362 2036 1533 2092 opere
1561 2023 1591 2074 ί]

336 2130 618 2185 Movses.
657 2130 877 2184 Poterat
909 2127 1092 2197 utique
1106 2168 1119 2180 .
1548 2206 1555 2211 ⁸

337 2232 601 2289 Parnus.
640 2232 782 2303 Quid
842 2248 977 2305 ergo
1032 2229 1273 2306 indiguit
1330 2224 1873 2302 hujusmodiiihera-

252 2320 482 2379 done?

333 2430 611 2485 Movsas.
643 2426 917 2499 Sapientia
949 2444 1078 2484 sane
1108 2426 1224 2497 ejus
1255 2435 1358 2495 est,
1383 2418 1606 2485 causam
1637 2426 1873 2499 aliquam

241 2518 437 2575 rebus
470 2517 702 2590 singulis
735 2517 1056 2581 atlribuere,
1084 2533 1182 2588 per
1211 2534 1373 2590 quam
1396 2530 1493 2572 eas
1523 2516 1591 2572 ad
1623 2516 1872 2571 eil'ectum

244 2607 401 2663 velit
431 2608 759 2678 producere,
795 2605 935 2660 sicut
965 2621 1063 2675 per
1092 2604 1221 2677 agni
1254 2606 1337 2660 vel
1372 2604 1511 2662 inedi
1545 2604 1873 2660 sacriﬁcium

240 2698 330 2752 ab
370 2695 468 2750 illa
526 2703 702 2750 morte
754 2694 928 2750 voluit
980 2709 1074 2749 eos
1133 2688 1421 2759 redimere,
1457 2706 1649 2749 causas
1690 2701 1873 2749 autem

241 2800 459 2841 rerum
489 2782 608 2839 illas
640 2798 746 2838 non
770 2786 1063 2853 possumus
1094 2796 1287 2837 omnes
1321 2785 1632 2854 percipere.

338 2905 601 2960 Parens.
633 2906 844 2959 Arcana
876 2919 1106 2974 namque
1140 2901 1231 2958 Dei
1266 2902 1405 2958 adeo
1437 2902 1704 2973 profunda
1746 2908 1870 2959 sunt

244 3002 313 3049 et
353 2991 781 3056 inscrustabilia,
816 2990 963 3063 quod
1011 3008 1073 3047 ea
1104 2990 1283 3047 nullus
1327 3000 1508 3060 potest
1543 2997 1860 3062 penetrare.

242 3082 459 3151 Quare
487 3097 624 3152 ergo
656 3080 953 3153 quaerendo
1012 3081 1235 3134 miraris
1265 3096 1364 3136 cur
1421 3070 1656 3136 Verbum
1714 3096 1870 3134 suum

248 3170 554 3227 incarnari
586 3170 855 3225 Dominus
883 3182 948 3225 ac
978 3164 1112 3224 mori
1141 3184 1244 3242 pro
1272 3168 1645 3240 redemptiOne
1665 3164 1875 3225 miserit

246 3257 512 3314 hominis
536 3256 565 3313 ?

349 3366 620 3420 Movsas.
642 3364 712 3420 Et
738 3381 835 3421 cur
862 3380 958 3420 eos
990 3380 1093 3419 non
1123 3362 1351 3420 redemit
1374 3364 1442 3419 ab
1473 3358 1565 3420 illo
1594 3364 1723 3419 Adeo
1754 3380 1870 3435 pec-

251 3463 399 3510 cato
428 3452 684 3508 animalis
714 3451 1009 3518 cujuslibet
1047 3453 1436 3519 immolatione,
1467 3452 1607 3510 sicut
1637 3454 1691 3508 in
1746 3446 1870 3525 lege

256 3551 610 3615 praeceptum
642 3550 727 3597 est
747 3542 941 3612 (Lavit.
976 3558 1033 3594 tv
1068 3556 1080 3608 ;
1115 3543 1278 3598 Num.
1304 3543 1385 3612 v),
1418 3558 1516 3613 pro
1544 3550 1771 3613 peccato
1794 3559 1874 3596 sa-

254 3628 512 3687 Criiicari
536 3627 604 3686 de
634 3629 819 3701 aliqua
850 3623 1057 3698 pecude
1091 3629 1120 3684 ?

350 3738 609 3793 PETRUS.
653 3734 991 3793 Stultissime
1039 3735 1297 3805 omnium,
1353 3735 1443 3792 ubi
1500 3744 1578 3791 tot
1637 3734 1871 3806 pecudes

256 3832 465 3900 posset
494 3822 739 3881 invenire
768 3828 796 3879 ‘?
828 3825 967 3894 Quot
1027 3825 1169 3880 enim
1232 3826 1449 3881 fuerunt
1506 3822 1757 3881 homines
1803 3824 1873 3881 ab

254 3914 451 3984 ipsius
478 3913 966 3979 consummatione,
999 3920 1078 3969 tot
1105 3914 1287 3988 utique
1318 3910 1563 3986 pecudes
1607 3913 1875 3969 immolari

257 4011 473 4066 fuisset
498 4026 753 4065 necesse.
794 4009 997 4064 Prmter
1026 4009 1129 4066 hoc
1179 4010 1342 4065 etiam
1399 4020 1684 4083 peccatum
1741 4006 1875 4064 illud

259 4100 423 4171 quod
445 4110 493 4154 et
524 4115 728 4170 corpus
758 4107 1056 4169 occuparat
1084 4107 1137 4153 et
1194 4099 1451 4163 animam,
1484 4096 1875 4154 rationabiliter

260 4187 453 4245 deleri
489 4204 595 4243 non
631 4197 869 4259 poterat,
901 4187 1002 4242 nisi
1027 4205 1125 4259 per
1155 4187 1485 4244 sacriﬁcium
1510 4189 1652 4262 quod
1683 4199 1731 4243 et
1765 4204 1878 4243 cor-

260 4294 386 4350 pus
438 4277 659 4332 haberet
688 4284 742 4331 et
774 4274 1038 4331 animam.

345 4406 621 4461 Mersus.
655 4406 797 4461 Cum
827 4404 990 4478 igitur
1021 4405 1155 4462 illud
1186 4423 1281 4477 per
1301 4406 1631 4464 sacriﬁcium
1674 4406 1780 4463 tale
1803 4422 1877 4462 re-

265 4503 415 4559 dimi
450 4503 642 4569 voluit,
688 4518 857 4574 quare
914 4503 1043 4559 illud
1097 4504 1424 4561 sacriﬁcium
1483 4504 1554 4560 de
1613 4505 1876 4575 prepiicta

1976 2021 2033 2068 ut
2062 2015 2392 2069 voluntatem
2423 2015 2540 2082 ejus
2569 2012 2936 2085 complerent,
2987 2016 3041 2069 et
3065 2014 3237 2084 ipsius
3268 2023 3462 2081 morte,
3495 2016 3569 2072 de

1975 2103 2176 2157 diaboli
2207 2110 2475 2172 potestate
2524 2104 2766 2158 exituros
2800 2104 2917 2158 fore
2948 2119 3008 2158 se
3030 2104 3337 2167 crederent,
3363 2103 3570 2158 nullum

1976 2189 2165 2261 procul
2195 2189 2362 2245 dubio
2393 2199 2677 2261 peccatum
2715 2192 3080 2246 incurrerent.
3121 2189 3256 2260 Quia
3282 2206 3412 2247 vero
3442 2206 3568 2247 eum

1977 2287 2333 2348 negaverunt,
2358 2287 2411 2333 et
2441 2296 2504 2333 ex
2530 2278 2734 2333 invidia
2763 2279 3107 2346 occiderunt,
3138 2278 3266 2333 ideo
3323 2285 3383 2334 et
3437 2272 3571 2334 tanti

1979 2367 2143 2436 hujus
2173 2367 2401 2421 sceleris
2432 2366 2511 2422 rei
2533 2375 2677 2432 sunt,
2710 2376 2761 2422 et
2798 2382 2901 2423 nec
2952 2367 3006 2420 in
3056 2366 3314 2437 praesenti
3345 2368 3568 2433 saeculo,

1976 2469 2080 2509 nec
2111 2453 2165 2507 in
2196 2452 2398 2519 futuro,
2433 2455 2709 2509 miseriam
2740 2468 2804 2511 ac
2859 2453 3265 2509 tribulationem
3322 2455 3566 2521 exibunt,

1976 2542 2215 2613 quandiu
2245 2542 2297 2596 in
2330 2545 2431 2597 hac
2484 2558 2582 2597 sua
2641 2543 2884 2615 nequitia
2942 2543 3363 2612 permanebunt.
3409 2542 3570 2612 Quod

1974 2636 2155 2687 autem
2187 2642 2242 2686 et
2272 2631 2347 2686 rei
2380 2640 2432 2686 et
2464 2632 2657 2686 merito
2687 2633 2794 2686 siut
2822 2632 3194 2697 condemnati,
3228 2646 3328 2702 per
3387 2632 3569 2687 simile

1975 2729 2258 2784 ostendam
2290 2728 2407 2795 tibi,
2459 2738 2513 2785 et
2558 2738 2613 2784 tu
2670 2731 2830 2785 etiam
2861 2730 2979 2801 ipse
3027 2738 3234 2786 rectum
3264 2743 3387 2784 esse
3413 2729 3572 2800 judi-

1976 2817 2146 2874 cabis.

2047 2922 2308 2978 Μογειςε.
2342 2924 2463 2993 Ego
2494 2936 2628 2980 sane
2659 2938 2783 2980 cum
2843 2921 3094 2990 audiero,
3128 2924 3174 2978 si
3225 2931 3434 2981 rectum
3465 2926 3571 2991 est,

1975 3019 2185 3066 rectum
2210 3012 2485 3079 judicaho.

2048 3113 2307 3168 l’m'ncs.
2377 3114 2625 3168 llabebat
2670 3113 2838 3186 igitur
2890 3115 3056 3169 homo
3115 3113 3332 3184 quidam
3390 3113 3569 3168 navim

1975 3214 2159 3267 unam,
2186 3210 2236 3256 et
2268 3205 2387 3256 erat
2419 3202 2672 3258 voluntas
2701 3203 2818 3271 ejus
2848 3202 3188 3258 comburere
3219 3198 3388 3265 illam,
3431 3210 3488 3256 ut
3517 3211 3571 3258 et

1899 3269 1948 3330 Ο
1976 3284 2163 3341 clavos
2191 3301 2442 3340 seorsum
2476 3269 2811 3351 haberet,et
2838 3286 2945 3340 sibi
2975 3287 3044 3341 de
3074 3284 3242 3356 lignis
3269 3285 3569 3342 carbonem

1971 3372 2198 3429 faceret.
2236 3375 2349 3429 Hoc
2377 3383 2557 3431 autem
2590 3390 2655 3430 eo
2708 3374 3008 3445 cogitante,
3040 3374 3257 3446 quidam
3307 3373 3567 3431 inimicus

1971 3461 2087 3532 ejus
2134 3471 2297 3518 noctu
2351 3462 2423 3518 ad
2470 3479 2661 3518 navem
2699 3462 2864 3527 venit,
2898 3471 2949 3517 et
3010 3463 3231 3518 nescius
3277 3461 3567 3519 voluntatis

1970 3550 2150 3621 hujus,
2211 3550 2337 3607 odio
2375 3566 2499 3606 eam
2552 3551 2875 3608 combussit.
2950 3552 3106 3606 Mane
3148 3559 3325 3606 autem
3400 3550 3565 3618 facto,

1970 3638 2134 3694 homo
2162 3639 2456 3710 praedictus
2486 3647 2545 3693 ut
2575 3640 2792 3695 volabit
2817 3637 3003 3695 clavos
3033 3639 3255 3710 quidem
3289 3638 3413 3694 navi
3453 3656 3568 3695 suae

1971 3726 2025 3781 in
2049 3735 2203 3797 parte
2226 3742 2353 3790 una,
2388 3726 2442 3781 in
2470 3726 2575 3782 alio
2636 3743 2763 3782 vero
2809 3729 3103 3782 carbonem
3163 3727 3390 3782 invenit.
3432 3728 3566 3784 llem

1973 3823 2121 3879 aliud
2157 3842 2170 3879 :
2203 3825 2338 3879 Erat
2366 3825 2561 3880 domus
2594 3825 2841 3897 quaedam
2882 3825 3092 3896 lapidea
3151 3824 3271 3880 viro
3326 3825 3567 3890 cuidam,

1972 3929 2133 3985 quam
2163 3925 2284 3968 cum
2317 3912 2602 3969 destruere
2632 3912 2815 3979 vellet,
2849 3921 2907 3967 ut
2962 3912 3031 3968 de
3086 3910 3360 3982 lapidibus
3415 3912 3565 3969 aliud

1972 3994 2251 4069 quoddam
2298 3994 2583 4053 aediﬁcium
2643 3998 2867 4064 faceret,
2931 3995 3069 4052 l'orte
3119 3995 3336 4067 quidam
3392 3992 3567 4053 hostis

1971 4085 2093 4154 ejus
2117 4084 2191 4140 ita
2220 4084 2312 4141 die
2342 4084 2580 4157 quadarn
2609 4081 2827 4153 dejecit.
2856 4084 2999 4157 quod
3021 4101 3121 4141 nec
3140 4101 3307 4155 super
3326 4082 3564 4156 lapidem

1971 4173 2108 4245 lapis
2138 4174 2412 4240 remansit,
2446 4183 2499 4229 et
2520 4175 2624 4230 hoc
2653 4190 2758 4229 non
2794 4190 2894 4244 pro
2923 4170 3066 4228 illius
3097 4190 3255 4245 quam
3276 4172 3566 4229 nesciebat

1972 4263 2249 4318 voluntate
2278 4261 2623 4333 complenda,
2658 4260 2756 4316 sed
2790 4274 2890 4331 per
2918 4258 3103 4317 odium
3152 4259 3302 4318 fecit.
3343 4258 3440 4316 Vir
3465 4276 3567 4317 au-

1972 4360 2087 4406 tem
2120 4349 2427 4419 pradictus,
2459 4364 2581 4405 cum
2622 4349 2692 4404 ad
2750 4348 2977 4405 domum
3032 4360 3199 4405 suam‘
3244 4346 3339 4406 die
3392 4349 3569 4407 altera

1974 4434 2237 4500 venisset,
2270 4434 2418 4504 quod
2448 4432 2626 4491 facere
2656 4433 2931 4506 cogitabat
2958 4441 3019 4489 et
3045 4433 3283 4503 volebat,
3313 4433 3567 4492 allectum

1974 4523 2193 4595 reperit.
2227 4524 2362 4578 Cum
2391 4538 2517 4578 vero
2550 4538 2654 4578 nec
2707 4521 2803 4579 ille
2857 4521 2949 4594 qui
3002 4521 3188 4581 navim
3240 4524 3564 4589 combussit,

264 4593 464 4685 aliquo
494 4591 577 4685 vel
606 4591 847 4685 quolibet
878 4592 984 4647 alio
1016 4592 1139 4646 viro
1169 4603 1359 4649 sancto
1388 4593 1502 4647 ﬁeri
1532 4610 1637 4685 non
1679 4592 1873 4662 potuit,
1906 4623 1957 4685 D
1987 4591 2089 4669 ηέο
2115 4609 2208 4667 me
2237 4611 2334 4682 qui
2360 4610 2584 4667 domum
2612 4608 2815 4679 deiecit
2840 4591 2943 4682 pio
2972 4609 3250 4667 νοιυηιιω
3277 4610 3454 4667 hostis
3482 4612 3569 4666 sui

267 4682 411 4752 quin
450 4681 630 4752 potius
678 4679 919 4735 Verbum
990 4698 1109 4736 sum
1176 4698 1397 4740 carnem
1457 4682 1737 4754 suscipere
1802 4697 1871 4737 ac

269 4778 512 4826 mortem
545 4768 735 4824 subire
775 4768 1021 4840 permisit
1051 4773 1079 4824 '?

355 4878 591 4942 Pramus,
622 4875 761 4944 Quia
785 4876 1055 4932 hominem
1087 4877 1233 4933 illum
1266 4876 1355 4949 qui
1388 4885 1663 4948 protento
1685 4894 1749 4934 ac
1781 4876 1872 4933 tuli

274 4974 511 5036 peccato
577 4965 896 5020 redimendo
956 4967 1330 5031 occumberet,
1381 4968 1450 5020 ab
1534 4967 1677 5020 omni
1749 4983 1872 5025 esse

273 5052 481 5109 delicto
510 5054 809 5108 immunem
841 5070 1064 5111 necesse
1097 5053 1311 5110 fuisset.
1350 5055 1404 5110 Si
1436 5054 1577 5111 enim
1604 5075 1707 5113 non
1739 5074 1872 5131 pec—

274 5151 395 5199 cata
426 5143 650 5214 propria
674 5150 847 5198 morte
868 5160 960 5197 sua
993 5145 1259 5201 redimere
1307 5144 1597 5220 indigeret,
1622 5152 1725 5208 hoc
1748 5169 1873 5209 vero

274 5230 331 5286 in
365 5232 545 5304 aliquo
568 5233 659 5299 qui
692 5238 897 5284 tantum
928 5240 1072 5288 esset
1101 5232 1262 5290 homo
1279 5237 1501 5307 reperiri
1539 5255 1645 5295 non
1666 5251 1871 5312 posset.

267 5320 479 5376 Natura
539 5318 689 5376 enim
755 5318 999 5389 corporis
1050 5335 1078 5373 a
1129 5333 1358 5395 peccato
1389 5324 1491 5381 sibi
1528 5344 1721 5385 cavere
1765 5347 1872 5386 non

263 5419 525 5485 sustinet,
582 5420 826 5473 testante
855 5416 965 5473 Deo
997 5418 1047 5472 in
1092 5418 1313 5487 Genesi,
1374 5431 1427 5478 et
1479 5422 1714 5498 dicente,
1748 5426 1875 5500 quia

258 5509 463 5565 insidet
499 5521 670 5564 mens
714 5502 948 5559 hominis
975 5505 1271 5580 dtiigeuter
1318 5511 1384 5565 ad
1420 5510 1685 5585 nequitias
1730 5514 1874 5586 aju-

253 5615 484 5664 ventute
535 5604 717 5675 (Gen.
787 5602 920 5670 vm).
980 5602 1123 5662 Dicit
1162 5624 1377 5681 queque
1421 5620 1475 5666 et
1506 5613 1773 5669 Solomon
1820 5615 1873 5670 iu

242 5706 577 5768 Ecclesiate
605 5722 618 5757 :
647 5702 775 5757 Non
789 5708 873 5755 est
891 5702 1048 5764 Immo
1074 5708 1135 5763 in
1154 5710 1416 5781 ιρι-ιταᾳαί
1436 5714 1618 5782 [acini
1648 5715 1873 5782 bonum,

238 5813 300 5866 ει
330 5822 456 5865 non
486 5800 702 5877 peccet
730 5795 939 5864 (Eccle.
972 5806 1093 5873 vn).
1119 5802 1270 5859 Ratio
1286 5804 1448 5876 igitur
1467 5815 1519 5861 et
1538 5808 1640 5864 Dei
1669 5809 1880 5880 sapien-

234 5902 306 5959 tia
341 5896 472 5961 fuit,
512 5897 576 5945 ut
596 5882 847 5943 Verbum
869 5903 1023 5946 suum
1046 5908 1248 5963 corpus
1294 5895 1585 5950 humanum
1604 5900 1872 5969 :tt‘eipi-rr,

1981 4694 2325 4767 complenda,
2356 4695 2457 4751 sed
2501 4711 2573 4750 ex
2621 4694 2749 4751 odio
2788 4694 3102 4767 invidiaque
3164 4694 3375 4763 fecerit,
3436 4696 3569 4775 quid

1979 4783 2051 4840 de
2067 4783 2147 4839 eis
2170 4782 2439 4854 judicabis
2465 4786 2495 4838 ?

2053 4891 2312 4946 Movsas.
2341 4890 2462 4964 Ego
2491 4905 2622 4947 sane
2642 4896 2700 4946 et
2727 4904 2823 4947 eos
2854 4906 2979 4948 reos
3010 4889 3365 4962 esse‘judic),
3398 4898 3450 4947 et
3481 4910 3572 4964 pu-

1983 4977 2240 5037 niendos.

2054 5088 2311 5143 Psraus.
2348 5086 2559 5144 Eadem
2588 5101 2721 5160 ergo
2743 5085 2954 5144 ratione
2984 5086 3066 5144 rei
3095 5094 3220 5142 sunt
3248 5094 3411 5160 atque
3435 5088 3456 5157 j
3483 5090 3573 5144 .di-

1981 5186 2162 5254 nandi,
2194 5185 2291 5258 qui
2320 5184 2590 5242 Christum
2622 5200 2737 5241 non
2772 5200 2874 5256 pro
2903 5184 3025 5255 ejus
3081 5183 3364 5241 volumata
3415 5202 3571 5243 coms

1983 5284 2201 5356 pianda,
2233 5283 2333 5339 sed
2362 5282 2475 5339 odii
2502 5282 2820 5340 occiderant
2845 5281 3170 5354 invidiaque
3193 5294 3423 5340 veneno.

2054 5392 2318 5447 Movses.
2358 5388 2550 5447 Procul
2576 5388 2748 5446 dubio
2777 5388 2859 5446 rei
2872 5395 3078 5459 essent,
3099 5388 3146 5445 si
3160 5389 3268 5447 hoc
3288 5391 3450 5448 modo
3466 5408 3577 5465 quo

1984 5480 2122 5546 diois
2151 5488 2436 5545 fecissent.
2481 5490 2848 5562 Nequaquam
2891 5502 3025 5547 vero
3054 5489 3133 5546 sic
3164 5489 3427 5561 iecerunt,
3465 5491 3577 5551 imo

1979 5585 2133 5655 justo
2153 5601 2281 5640 eum
2302 5584 2509 5654 judicio
2539 5584 2877 5643 occiderunt.

2056 5687 2310 5747 Paraus.
2340 5689 2411 5746 Et
2463 5705 2628 5764 quam
2692 5691 2745 5749 ei
2799 5690 3016 5766 culpam
3059 5692 3418 5769 imputarent,
3450 5699 3581 5771 quia

1988 5804 2111 5846 eum
2141 5784 2301 5844 morti
2330 5782 2681 5845 addixerunt.

2058 5905 2328 5963 Movsns.
2371 5901 2513 5972 Quia
2538 5912 2592 5960 et
2621 5919 2816 5978 magus
2846 5905 2965 5978 fuit,
2997 5914 3050 5964 at
3075 5924 3181 5981 per
3208 5919 3381 5971 artem
3417 5916 3586 5987 magis
