3966 6388
456 394 558 463 et‘l

1377 399 1584 456 verm
1623 395 1968 454 ALI’HUNSI
2019 384 2116 450 ex
2163 383 2405 451 iubeo
2463 383 2866 448 cameram

3659 379 3783 440 0&8

456 549 580 592 eam
608 531 755 588 ﬁlios
785 528 950 586 Israel
995 528 1046 584 in
1077 543 1315 585 errorem
1375 524 1544 594 misit,
1575 533 1629 582 et
1679 527 1881 596 praeter
1943 521 2054 578 hoc
2076 523 2132 584 A
2165 529 2378 592 tempus
2406 517 2657 576 eamdem
2685 515 3074 590 aegritudinem
3102 511 3330 586 recepit,
3368 519 3422 570 et
3466 511 3574 568 icet
3611 518 3782 567 exte-

462 623 674 680 Fillium
706 619 806 676 Dei
840 636 900 674 se
929 620 1166 674 vocavit.

531 713 780 767 Penus.
809 709 930 764 Non
960 712 1045 762 est
1079 707 1290 762 mirum.
1318 706 1365 760 si
1396 704 1514 760 hac
1533 711 1592 760 et
1609 701 1712 758 alia
1732 701 1802 758 de
1823 716 1890 757 eo
1912 700 2056 756 dixe-

460 805 582 853 runt
608 793 913 860 mendacia,
947 791 1078 847 licet
1123 791 1190 846 ad
1224 789 1596 845 redimendum
1655 803 1755 842 eos
1810 787 1929 857 ipse
1957 784 2056 838 ad-

463 884 690 941 venerit.
713 884 826 938 lioc
855 897 1089 952 namque
1127 881 1196 934 de
1225 879 1307 934 eis
1340 878 1484 932 Osee
1537 874 1884 947 prophetavit
1916 893 1928 930 :
1972 875 2053 927 Vw

462 977 540 1034 eis
569 973 834 1046 quoniam
862 971 1220 1026 recesserunt
1243 985 1280 1022 α
1335 982 1445 1022 me.
1487 967 1888 1027 Vestali-untur,
1921 961 2057 1034 quia

461 1060 820 1138 praevaricati
845 1063 979 1114 sunt
1011 1057 1072 1112 in
1103 1073 1208 1112 me.
1229 1057 1296 1111 Et
1326 1071 1424 1124 ego
1464 1053 1680 1110 redemi
1711 1068 1824 1116 eos.
1857 1055 1912 1108 et
1949 1047 2062 1119 ipsi

461 1162 632 1220 locuti
659 1163 796 1216 sunt
813 1161 1014 1214 contra
1028 1171 1115 1212 me
1139 1153 1440 1211 mendacia
1461 1152 1612 1222 (Ose.
1635 1155 1758 1219 vn).
1783 1151 2060 1203 Praeterea

464 1257 642 1307 tamen
673 1247 766 1304 ubi
814 1252 1026 1302 tantum
1081 1243 1214 1300 artis
1243 1243 1470 1314 magica:
1525 1239 1818 1295 addiscere
1861 1236 2060 1308 potuit,

459 1349 517 1398 ut
543 1355 646 1411 per
673 1352 792 1393 eam
829 1333 886 1390 in
914 1335 1102 1390 vinum
1139 1347 1336 1404 aquam
1363 1329 1914 1396 οοηνειδιιιτὶι.(λοτιη.
1947 1328 2011 1394 ιι)
2045 1341 2062 1378 :

461 1431 528 1485 de
557 1428 796 1501 quinque
825 1423 1081 1494 panibus,
1106 1420 1384 1476 hominum
1415 1417 1586 1473 millia
1616 1417 1858 1488 quinque
1903 1413 2059 1470 refe-

463 1517 598 1576 cerit
627 1518 810 1586 (Joan.
843 1515 942 1583 vn),
976 1511 1231 1580 leprosos
1281 1511 1434 1578 (Luc.
1469 1510 1659 1576 xviii),
1690 1503 2063 1576 hydrOpicos-

463 1624 568 1680 que
595 1601 874 1661 sanaverit
902 1601 1072 1672 (Luc.
1111 1602 1255 1667 xxv),
1280 1596 1488 1653 claudis
1547 1609 1828 1668 gressum,
1881 1591 2068 1648 surdis

466 1705 730 1764 auditum.
773 1699 936 1754 mutis
965 1697 1192 1752 verbum
1229 1695 1454 1765 (Matth.
1495 1691 1598 1760 ιχ),
1628 1690 1795 1747 τοωοίδ
1845 1703 2071 1760 quoque

466 1801 644 1858 visum
673 1795 994 1860 reddiderit,
1027 1801 1097 1855 et.
1132 1791 1278 1864 quod
1307 1789 1493 1858 majus
1523 1789 1781 1843 omnibus
1812 1795 1898 1841 est
1931 1801 2073 1842 mor-

2159 611 2274 665 rius
2303 616 2486 666 cutem
2515 622 2690 677 suam,
2747 613 2806 660 ut
2845 605 2958 671 alii,
2989 603 3252 659 mundam
3292 601 3585 674 aspiceret,
3609 615 3782 654 nun-

2161 715 2322 772 quam
2361 705 2564 760 tamen,
2599 703 2657 750 ut
2713 695 2834 766 ipse
2883 694 3039 760 dixit,
3097 690 3468 747 inﬁrmitatem
3521 686 3783 744 interius

2159 813 2268 854 non
2297 796 2489 850 sensit.
2516 795 2779 849 Praeterea
2811 800 2991 847 autem
3022 805 3290 862 nusquam
3322 787 3376 842 in
3414 795 3527 842 tota
3553 801 3777 841 necro—

2161 886 2391 941 manlica
2429 884 2634 955 legitur
2665 881 2809 954 quod
2866 896 2966 951 per
3011 895 3135 935 eam
3191 876 3462 934 veraciter
3515 874 3784 946 leprosus

2161 989 2400 1046 unquam
2434 980 2680 1028 curetur.
2729 971 2810 1024 De
2839 969 3002 1026 cacis
3043 975 3246 1034 autem,
3283 965 3352 1020 de
3382 964 3462 1020 eis
3512 961 3606 1035 qui
3635 959 3786 1018 caeci

2163 1079 2478 1136 nascuntur,
2515 1066 2838 1124 contradicit
2897 1064 3124 1137 physica
3155 1061 3303 1136 quod
3331 1077 3428 1118 eos
3457 1059 3778 1115 illuminare

2165 1161 2346 1216 valeat
2367 1157 2654 1214 medicina.
2685 1155 2907 1210 Assitha
2951 1169 3081 1210 vero
3099 1169 3334 1224 maguus
3351 1156 3580 1206 testatur
3598 1146 3776 1220 quod,

2165 1265 2264 1320 per
2303 1254 2476 1304 artem
2514 1243 2990 1312 necromanticam,
3043 1241 3124 1298 eis
3155 1239 3424 1298 veraciter
3449 1237 3629 1293 lumen
3660 1251 3782 1291 non

2168 1337 2444 1394 reddatur.

2239 1447 2494 1502 Movsas.
2535 1444 2675 1498 Esse
2705 1447 2912 1514 potest.
2955 1439 3064 1497 Sed
3084 1438 3153 1494 de
3182 1433 3414 1492 mortuis
3436 1433 3564 1506 quid
3595 1431 3778 1498 dices,

2171 1551 2295 1590 cum
2327 1533 2475 1588 idem
2504 1533 2724 1588 Assitha
2782 1530 3069 1602 perhibent
3115 1525 3261 1598 quod
3293 1539 3389 1580 cos
3419 1529 3690 1577 suseitare
3723 1527 3782 1575 et

2171 1639 2296 1679 cum
2326 1622 2406 1678 eis
2435 1621 2587 1694 loqui
2615 1622 2779 1676 homo
2813 1619 3008 1692 possit,
3041 1625 3095 1673 et
3126 1615 3181 1670 in
3226 1615 3364 1668 libro
3401 1628 3498 1668 suo
3526 1626 3634 1683 quo
3657 1607 3781 1665 fieri

2173 1712 2354 1768 valeat
2381 1711 2600 1767 modum
2671 1709 2932 1774 ostendit,
2961 1715 3017 1762 et
3073 1721 3137 1761 ex
3177 1703 3284 1758 alia
3313 1711 3469 1772 parte
3521 1699 3575 1754 in
3632 1697 3780 1752 libro

2177 1802 2388 1873 Regum
2417 1800 2651 1871 legatur,
2687 1807 2741 1854 ut
2769 1797 3028 1862 diximus,
3088 1792 3323 1865 qualiter
3364 1806 3464 1860 per
3495 1787 3776 1842 mulierem

470 1901 594 1947 tuos
641 1883 979 1944 suscitaverit
1031 1881 1551 1954 (illaravuzloan.
1604 1879 1882 1942 x1;Luc.
1933 1874 2064 1940 vn),

2207 1889 2556 1962 iythouissam
2590 1881 2808 1942 Samuel
2836 1885 3132 1940 suscitatus
3185 1880 3255 1935 sit
3283 1879 3311 1933 9
3339 1881 3489 1949 (Reg.
3546 1875 3778 1941 xxvnt.)

469 1989 684 2060 aliaque
713 2002 836 2058 quze
863 1980 1049 2038 omnia
1091 1994 1416 2035 enumerare
1473 1977 1699 2048 longum
1752 1983 1858 2040 est,
1893 1972 2068 2026 mira-

473 2078 599 2136 Cula
631 2073 816 2130 iecerit
847 2075 874 2125 ‘.’

543 2169 790 2222 Mum-sas.
848 2160 1043 2216 Dicunt
1093 2172 1225 2213 sane
1275 2155 1531 2212 doctores
1582 2151 1756 2208 nostri
1816 2148 1961 2222 quod
2019 2146 2076 2202 in

472 2257 708 2328 Egvpto
738 2268 852 2305 eam
874 2247 1154 2303 addidicit.

548 2347 788 2398 νηί-τηε.
823 2341 894 2392 lix
950 2337 1135 2390 verbis
1167 2335 1330 2406 igitur
1383 2332 1491 2386 tuis
1544 2330 1600 2386 in
1655 2331 1888 2403 JEgypto
1951 2335 2078 2380 tunc

477 2431 741 2502 temporis
772 2427 934 2482 fuisse
964 2427 1406 2495 comprobantur,
1431 2421 1523 2492 qui
1553 2435 1726 2490 opera
1780 2416 1974 2473 eadem
2027 2423 2082 2469 et

480 2521 585 2594 ipsi
613 2523 992 2589 operareutur.

553 2618 778 2671 Mersus
791 2653 804 2666 .
841 2612 1028 2666 Potest
1055 2625 1178 2664 esse
1193 2649 1206 2662 .

557 2718 1013 2787 l’araus..Quare
1041 2731 1176 2787 ergo
1223 2729 1393 2786 opera
1447 2727 1635 2768 eorum
1694 2710 1979 2782 divulgata
2031 2716 2080 2763 et

488 2813 676 2868 audita
708 2826 814 2864 non
856 2817 1000 2874 sunt,
1031 2804 1486 2877 quemadmodum
1535 2811 1585 2857 et
1642 2801 1764 2870 ejus
1816 2799 2086 2855 fuerunt?

488 2903 668 2972 Quare
699 2899 857 2953 etiam
901 2895 1184 2964 sapientes
1239 2891 1458 2966 ngypli
1519 2890 1816 2947 doctrinam
1874 2888 1992 2955 ejus
2021 2901 2088 2942 ac

486 3001 668 3072 legem
700 2995 1058 3067 susciperent,
1091 2992 1138 3047 si
1175 3007 1300 3048 eum
1364 3005 1587 3063 magum
1617 3005 1743 3044 esse
1809 2999 2089 3058 agnosce-

485 3099 601 3146 rent
627 3089 654 3142 ‘2

561 3199 813 3251 Marses.
843 3193 922 3248 De
951 3191 1056 3246 hor.
1084 3188 1182 3246 tibi
1209 3197 1358 3245 certe
1388 3185 1574 3242 nescio
1598 3201 1705 3256 ego
1727 3182 2087 3255 respondere.

490 3294 680 3364 Neque
707 3289 856 3345 enim
885 3288 954 3342 de
985 3286 1066 3342 eis
1097 3284 1303 3349 audivi,
1350 3282 1497 3354 quod
1557 3281 1611 3335 in
1659 3295 1787 3336 eum
1843 3291 2084 3348 unquam
2115 3258 2165 3320 C

489 3379 838 3447 crediderint,
871 3391 974 3432 nec
1005 3374 1300 3448 quomodo,
1324 3381 1414 3426 aut
1447 3369 1668 3442 quando
1694 3367 1982 3424 fecerint?

559 3490 805 3544 Penus.
842 3484 923 3538 De
949 3482 1036 3536 his
1064 3480 1228 3536 modo
1256 3477 1613 3543 dimittamus,
1647 3483 1700 3531 et
1733 3489 1904 3547 opera
1963 3473 2088 3542 ejus

495 3585 704 3657 singula
735 3581 1095 3654 inquiramus,
1125 3586 1188 3634 ut
1215 3593 1283 3632 an
1317 3575 1403 3632 vel
1460 3591 1562 3647 per
1590 3581 1768 3629 artem
1799 3571 2090 3643 magicam,

495 3675 582 3733 vel
611 3691 709 3746 per
735 3671 898 3726 aliam
930 3667 1210 3740 physicam
1242 3665 1504 3736 aliquam.
1539 3679 1607 3718 an
1639 3661 1820 3734 potius
1849 3675 1948 3732 per
1977 3659 2094 3716 vir-

494 3773 663 3821 tutem
695 3759 793 3816 Dei
822 3758 964 3815 facta
995 3753 1588 3826 fuerint'inquiramus.

565 3873 812 3926 Movses.
845 3867 991 3920 Bene
1019 3862 1176 3919 dicis.
1228 3862 1298 3915 Et
1327 3875 1433 3932 ego
1477 3859 1638 3914 etiam
1670 3858 1739 3914 de
1791 3855 2098 3912 minoribus

499 3956 841 4032 inquirendis
869 3953 1100 4008 multum
1130 3966 1241 4006 non
1268 3965 1422 4006 curo.
1456 3949 1514 4003 Si
1568 3947 1715 4003 enim
1771 3947 1838 4002 de
1869 3943 2097 4016 majori-

500 4052 604 4106 bus
627 4042 951 4110 ostendetis,
981 4039 1127 4114 quod
1157 4055 1256 4111 per
1309 4036 1564 4092 virtutem
1597 4036 1698 4092 Dei
1754 4035 1900 4092 facta
1951 4042 2098 4097 sunt,

497 4141 566 4196 de
596 4133 904 4192 minoribus
940 4145 1046 4186 non
1077 4127 1362 4184 dubitabo.

572 4246 810 4299 Parens.
833 4237 1126 4309 Sapienter
1141 4233 1405 4306 loqueris.
1427 4233 1496 4289 Et
1517 4248 1644 4305 ego,
1676 4239 1731 4287 ut
1762 4231 1930 4296 dicis,
1955 4231 2026 4286 ita
2047 4231 2104 4286 et

501 4331 768 4396 concedo,
801 4342 970 4401 quare
997 4325 1068 4381 de
1097 4323 1340 4396 quolibet
1365 4323 1608 4394 primum
1656 4321 1934 4394 inquirito.

573 4440 1084 4502 Movsas.Pn‘mum
1115 4438 1358 4494 omnium
1387 4437 1540 4506 mihi,
1572 4437 1643 4492 de
1698 4433 1936 4507 leprosis
1963 4449 2104 4506 qua-

507 4538 634 4594 liter
661 4529 907 4590 mundati
963 4535 1090 4584 sunt
1121 4527 1342 4598 (Hatth.
1373 4541 1477 4580 vm
1511 4541 1526 4595 ;
1561 4528 1694 4592 Luc,
1725 4527 1894 4595 xvn),
1938 4533 1988 4579 et
2033 4524 2106 4579 de

2254 1999 2484 2050 Parcus.
2518 1994 2716 2048 Verum
2770 1990 3018 2062 profecto
3061 1996 3163 2052 est,
3218 1983 3363 2056 quia,
3419 1984 3558 2038 sicut
3613 1979 3776 2036 dicis.

2183 2085 2408 2140 Assitha
2441 2090 2688 2138 testatur.
2739 2081 2847 2136 Sed
2895 2080 3034 2134 inter
3062 2074 3164 2132 Dei
3190 2089 3332 2145 opus
3359 2081 3412 2128 et
3441 2071 3571 2125 illud
3627 2067 3778 2141 quod

2183 2193 2284 2246 per
2311 2184 2483 2230 artem
2518 2170 2792 2243 magicam
2853 2168 2932 2231 iit,
2999 2167 3052 2222 in
3083 2161 3502 2220 resuscitatioue
3530 2167 3781 2214 mortuo-

2187 2291 2328 2334 rum.
2371 2272 2627 2327 distantia
2683 2271 2881 2342 ingens
2934 2266 3191 2322 habetur.
3249 2262 3441 2320 Mortui
3485 2260 3626 2315 enim
3680 2271 3782 2329 per

2188 2380 2407 2435 magum
2457 2361 2694 2433 aliquem
2753 2356 3016 2424 suscitati,
3080 2357 3224 2412 ultra
3283 2369 3448 2426 quam
3503 2349 3669 2421 longa
3697 2350 3783 2402 est

2191 2463 2381 2517 umbra
2411 2477 2504 2516 sua
2535 2457 2820 2515 ambulare
2848 2472 2958 2512 non
3017 2461 3266 2526 possunt,
3292 2451 3386 2506 sed
3408 2466 3534 2507 cum
3562 2447 3630 2503 ad
3660 2445 3784 2515 ejus

2192 2560 2356 2616 tinem
2377 2557 2646 2623 venerint,
2678 2555 2732 2611 in
2763 2563 2967 2610 terram
2999 2551 3194 2608 mortui
3223 2549 3492 2612 recidunt,
3535 2545 3627 2618 qui
3681 2559 3785 2600 au-

2193 2659 2300 2705 tem
2331 2665 2431 2721 per
2459 2647 2559 2704 Dei
2591 2646 2924 2701 suscitantur
2958 2641 3232 2706 virtutem,
3266 2639 3452 2694 bibunt
3509 2651 3573 2691 ac
3609 2648 3788 2690 come-

2192 2739 2348 2804 dunt,
2382 2736 2625 2808 quolibet
2651 2743 2706 2790 et
2733 2730 3132 2806 quantumlibet
3185 2727 3460 2792 incedunt,
3503 2731 3576 2790 et,
3608 2737 3788 2796 quan-

2195 2829 2289 2882 diu
2321 2826 2420 2881 Dei
2475 2823 2733 2896 placitum
2790 2828 2893 2885 est,
2952 2828 3010 2874 ut
3067 2817 3248 2873 czeteri
3282 2815 3528 2872 homines
3583 2811 3786 2876 vivunt,

2197 2917 2337 2972 sicut
2365 2914 2438 2968 illi
2481 2928 2623 2984 quos
2652 2919 2706 2966 et
2737 2909 2950 2965 Eliseus
2981 2913 3032 2964 et
3065 2906 3211 2962 Elias
3241 2903 3513 2961 suscitavit
3543 2909 3597 2957 et
3625 2898 3790 2954 Chri-

2199 3015 2314 3060 stus
2337 3005 2441 3064 (111
2468 3003 2604 3072 Reg.
2630 3015 2772 3056 xvn:
2807 2999 2874 3054 iV
2899 3001 3020 3070 Reg.
3055 3011 3154 3059 tv;
3185 2996 3320 3050 Luc.
3354 2996 3474 3062 νει).

2270 3114 2526 3166 Movsus.
2578 3107 2711 3162 Cum
2741 3107 2847 3161 huc
2875 3119 3047 3176 usque
3079 3101 3209 3158 satis
3248 3109 3522 3156 ostensum
3554 3095 3622 3152 sit
3651 3092 3792 3167 quod

2199 3201 2331 3257 nihil
2355 3216 2452 3271 per
2509 3205 2684 3252 artem
2739 3194 3029 3265 magicam,
3080 3191 3198 3246 imo
3229 3206 3332 3260 per
3390 3187 3488 3242 Dei
3526 3185 3792 3248 virtutem,

2199 3300 2257 3347 ut
2284 3291 2568 3362 prOphetm
2591 3285 2705 3350 alii,
2744 3285 2909 3339 homo
2939 3281 3030 3336 ille
3061 3288 3257 3336 cuncta
3285 3273 3596 3349 patraverit,
3627 3271 3792 3336 dicas,

2201 3381 2347 3450 volo,
2367 3393 2465 3432 cur
2493 3391 2553 3431 sc
2583 3390 2692 3429 non
2721 3372 3065 3446 prophetam,
3124 3367 3219 3426 sed
3252 3365 3357 3422 Dei
3380 3364 3566 3420 Filium
3599 3375 3792 3418 vocare

2201 3463 2630 3542 praesumpserit.

2275 3585 2518 3638 Pramus.
2551 3578 2684 3634 Ideo
2715 3591 2852 3632 sane
2885 3573 3030 3641 fecit,
3064 3572 3192 3646 quia
3221 3569 3490 3626 veraciter
3518 3566 3684 3624 Filius
3703 3562 3798 3621 Dei

2203 3673 2328 3728 fuit.
2367 3669 2525 3741 Quod
2557 3683 2683 3724 cum
2715 3664 2967 3736 superius
2998 3659 3405 3718 auctoritaiibus
3425 3655 3607 3712 multis
3623 3659 3796 3710 osten-

2207 3761 2470 3826 derimus,
2539 3774 2667 3815 cum
2698 3753 2768 3812 de
2807 3753 2932 3826 ipso
2962 3751 3107 3826 quod
3166 3750 3314 3806 Deus
3343 3756 3396 3803 et
3425 3747 3586 3801 homo
3635 3741 3797 3798 fuerit

2207 3866 2499 3925 ageremus
2565 3848 2759 3918 (Ιιοαη.
2808 3849 2870 3912 t),
2919 3842 3032 3912 jam
3077 3839 3132 3895 id
3161 3837 3383 3894 ulterius
3433 3835 3668 3908 probare
3694 3847 3798 3887 non

2209 3920 2541 4014 indigemus.
2601 3933 2760 4004 Quod
2791 3931 2837 3987 si
2867 3932 3028 3986 etiam
3059 3928 3218 3994 velis,
3253 3926 3308 3980 in
3345 3932 3634 3997 augustam
3675 3920 3795 3976 inde

2210 4036 2632 4110 disputationem
2664 4030 2969 4096 veniamus,
3019 4035 3073 4083 et
3129 4040 3234 4099 ego
3285 4023 3380 4078 tibi
3411 4038 3514 4094 per
3541 4019 3793 4075 rationem

2211 4108 2493 4183 ostendam
2525 4122 2692 4196 quod,
2745 4137 2865 4177 cum
2897 4136 2958 4174 se
3005 4116 3105 4172 Dei
3137 4113 3326 4171 Filium
3380 4108 3594 4168 vocavit
3624 4109 3792 4179 (Joan.

2212 4219 2310 4282 χι),
2334 4215 2614 4272 veritatem
2643 4211 2856 4267 locutus
2884 4207 2997 4262 fuit.

2283 4322 2534 4375 Morsas.
2561 4315 2760 4370 Placet.

2287 4429 2522 4482 Pareas.
2557 4420 2661 4492 Qui
2699 4419 2884 4492 itaque
2938 4432 3036 4488 per
3091 4414 3338 4470 virtutem
3403 4415 3656 4482 operatur
3681 4405 3791 4476 Dei,

2213 4522 2472 4588 potestne
2503 4509 2797 4583 quidquam
2817 4506 3026 4578 absque
3055 4503 3228 4576 ipsius
3259 4499 3359 4556 Dei
3382 4499 3656 4554 voluntate
3676 4509 3794 4566 ope-

505 4634 668 4694 czecis
723 4628 954 4704 qualiter
1003 4624 1292 4680 illuminati
1351 4626 1517 4695 (Luc.
1556 4625 1740 4694 xvm),
1783 4619 2102 4694 responderi
2133 4623 2186 4684 D
2219 4599 2325 4656 ΐθτί
2351 4599 2380 4653 Τ

508 4733 636 4791 volo
649 4773 662 4788 .

577 4841 818 4896 Parens.
849 4834 1024 4902 Scias,
1083 4830 1212 4905 quia
1239 4829 1394 4901 lepra
1433 4829 1705 4884 ullatenus
1752 4827 1912 4884 aliter
1941 4841 2106 4898 quam

507 4939 595 4998 vel
625 4952 723 5008 per
773 4930 1119 4996 medicinam,
1151 4927 1240 4984 vel
1268 4943 1368 4998 per
1389 4926 1490 4982 Dei
1520 4923 1765 4980 virtutem
1785 4922 1970 4980 curari
1997 4937 2108 4977 non

509 5036 719 5102 potest.
783 5021 946 5092 Quod
985 5019 1032 5075 si
1087 5033 1189 5089 per
1217 5015 1566 5080 medicinam,
1613 5015 1698 5070 vel
1729 5029 1830 5085 per
1856 5011 2109 5084 potiones

489 5101 764 5180 interius,
809 5127 912 5182 per
979 5107 1275 5164 unctiones
1323 5113 1587 5176 purgatur
1669 5102 1939 5158 exterius.
1973 5101 2107 5156 Cum

507 5217 685 5263 autem
719 5199 1042 5257 medicinam
1072 5195 1312 5267 aliquam
1367 5194 1582 5264 cperari
1611 5193 1680 5247 ab
1709 5209 1776 5248 eo
1805 5192 1970 5246 homo
1997 5205 2107 5245 non

511 5295 728 5358 viderit,
771 5291 871 5346 sed
899 5303 997 5345 eos
1026 5284 1200 5342 verbo
1226 5291 1436 5339 tantum
1456 5289 1512 5338 et
1547 5282 1603 5337 in
1632 5288 1911 5338 momento
1939 5293 2110 5336 cura-

514 5391 672 5458 verit,
700 5386 946 5460 prol'ecto
973 5381 1124 5456 quod
1146 5398 1242 5453 per
1271 5382 1533 5437 virtutem
1563 5379 1666 5436 Dei
1697 5382 1898 5434 factum
1927 5376 2018 5432 sit.

583 5482 828 5535 Movsas.
860 5475 1055 5529 Nonne
1109 5471 1178 5526 de
1219 5470 1464 5526 Firmino
1493 5484 1656 5542 mago
1685 5466 1920 5540 legimus
1965 5465 2111 5538 quod

512 5567 791 5641 leprosum
821 5579 986 5617 unum
1026 5559 1370 5615 mundaverit
1394 5560 1422 5613 ί.)

589 5675 842 5730 Ριετηιῑε.
879 5665 1096 5722 Falsum
1129 5680 1262 5722 sane
1291 5673 1381 5721 eat
1437 5665 1585 5737 quod
1616 5681 1740 5720 eum
1784 5661 2063 5719 curaverit
2093 5674 2107 5728 ;

511 5763 630 5834 ipse
658 5774 794 5817 vero
822 5773 922 5828 per
978 5754 1248 5827 magicam
1289 5763 1458 5810 artem
1491 5771 1644 5810 suam
1701 5753 1899 5810 oculos
1927 5751 2111 5807 homi—

513 5868 645 5909 num
673 5846 910 5918 decepit,
943 5854 996 5900 et
1027 5843 1176 5916 quod
1209 5843 1262 5898 in
1318 5859 1374 5898 re
1405 5834 1516 5896 non
1565 5851 1678 5898 erat
1707 5839 1880 5899 videri
1911 5839 2108 5897 effecit.

517 5942 683 6015 Cujus
707 5937 786 5995 rei
813 5940 1198 6010 argumentum
1229 5941 1332 5999 est,
1365 5933 1510 6003 quod
1553 5948 1701 6004 :eger
1728 5937 1852 6004 post
1889 5928 2113 6002 aliquod

2287 4707 2534 4762 Mersus.
2571 4703 2814 4759 Necesse
2843 4707 2945 4765 est,
3006 4694 3135 4752 mihi
3159 4693 3397 4756 videtur,
3428 4688 3570 4764 quod
3595 4686 3680 4760 qui
3705 4699 3795 4756 per

2216 4793 2470 4848 virtutem
2504 4788 2603 4844 Dei
2633 4787 2764 4842 facit
2801 4782 3026 4857 aliquid,
3068 4777 3376 4836 nullatenus
3406 4773 3511 4829 nisi
3541 4772 3794 4829 voluntate

2219 4889 2464 4961 ejusdem
2494 4886 2595 4943 Dei
2625 4884 2756 4940 illud
2783 4889 3058 4954 operetur.

2289 4995 2526 5048 Parens.
2558 4989 2626 5045 Et
2655 4987 2748 5060 qui
2775 5002 2874 5058 per
2903 4983 3157 5042 virtutem
3208 4978 3328 5046 Dei,
3361 4985 3415 5034 et
3459 4971 3580 5049 ejus
3609 4985 3792 5044 Opera-

2217 5093 2305 5141 tur
2358 5057 2712 5144 voluntatem,
2761 5057 3008 5147 nunquid
3045 5088 3152 5128 nou
3204 5066 3465 5141 sequitur,
3523 5061 3662 5135 quod
3703 5057 3792 5116 Dei

2218 5172 2446 5238 amicus,
2478 5177 2528 5225 ct
2557 5167 2732 5223 Iidclis
2761 5165 2880 5236 ejus
2909 5163 2977 5218 sit
3017 5177 3213 5216 servus
3237 5161 3266 5212 ἱ)

2289 5280 2538 5334 Mersus.
2570 5273 2768 5346 Utique
2827 5267 3094 5341 sequitur.
3127 5265 3270 5321 Nam
3300 5263 3407 5318 hoc
3458 5256 3686 5336 legendo
3713 5253 3792 5310 in-

2220 5367 2490 5431 venimus,
2507 5363 2651 5434 quod
2682 5359 2857 5417 sancti
2881 5357 3188 5429 prophetae,
3213 5351 3304 5424 qui
3338 5347 3606 5405 miracula
3632 5359 3788 5417 quon-

2219 5457 2343 5512 dam
2375 5430 2639 5518 fecerunt,
2672 5451 2789 5505 Deo
2817 5443 3002 5502 dilecti
3031 5441 3194 5516 eique
3225 5437 3416 5495 ﬁdeles
3445 5435 3670 5502 fuerunt,
3698 5430 3790 5518 sic-

2219 5555 2278 5601 ut
2308 5546 2552 5614 Moyses,
2585 5540 2761 5604 Elias,
2792 5543 2846 5592 et
2891 5533 3127 5598 Eliseus,
3178 5527 3442 5598 multique
3471 5523 3580 5588 alii,
3613 5519 3694 5592 qui
3740 5517 3788 5572 iu

2221 5635 2327 5689 vita
2360 5613 2454 5687 sua
2512 5627 2785 5684 miracula
2841 5623 3003 5695 plura
3058 5625 3348 5692 patrarunt
3377 5613 3580 5680 (Exod.
3613 5625 3666 5674 ll,
3693 5622 3744 5662 ut
3773 5621 3786 5676 ;

2221 5725 2302 5782 Ill
2325 5726 2460 5792 Reg.
2504 5735 2613 5776 xvu
2641 5721 2695 5773 et
2728 5729 2857 5771 xvttt
2886 5727 2900 5782 ;
2937 5711 3117 5767 Eccle.
3145 5721 3346 5774 xcvm;
3379 5703 3608 5771 IVch.
3637 5714 3689 5766 ιι,
3716 5711 3785 5764 tv,

2220 5831 2274 5881 v,
2308 5818 2407 5880 vn.

2294 5928 2537 5982 Parens.
2577 5924 2642 5980 Et
2670 5921 2763 5996 qui
2792 5919 2998 5977 amicus
3040 5915 3140 5972 Dei
3161 5921 3214 5972 et
3243 5909 3418 5969 ﬁdelis
3448 5907 3568 5980 ejus
3587 5912 3680 5973 est,
3731 5899 3789 5961 de
