3966 6422
164 360 253 416 649
1811 394 1854 449 D

1979 398 2095 453 OGl
3470 424 3571 477 650

228 486 335 547 Deo
349 497 449 552 vel
468 515 559 557 ex
573 516 790 575 parte
807 511 926 568 Dei
944 512 1079 569 lalso
1095 514 1389 586 quidquam
1408 533 1532 572 eum
1557 534 1665 574 non
1680 518 1865 575 dicere
1896 522 1941 582 A
1981 526 2082 579 mit
2092 528 2143 580 te
2154 527 2253 593 eis,
2278 545 2392 583 non
2417 532 2568 586 enim
2584 534 2777 587 sciunt
2797 535 2931 605 quid
2948 538 3175 606 faciunt
3197 541 3356 609 (Luc.
3384 548 3565 615 xxiii).

2242 589 2249 593 ν
2805 589 2819 605 ,
2948 589 2960 606 ,
3200 589 3356 609 κ-η--
3384 589 3562 601 .

160 589 388 639 necesse
430 600 575 646 est.
1978 613 2079 666 Per
2126 616 2270 685 quod
2317 619 2624 673 ostenditur
2660 621 2776 691 ipse
2823 639 2919 677 eos
2948 624 3234 680 admodum
3283 589 3562 698 dilexisse,

236 686 513 751 Μοῖεεδ,
556 701 824 760 verum
861 716 973 763 εει,
1976 700 2099 756 licet
2129 712 2313 759 contra
2372 722 2493 760 eum
2554 686 2917 778 operarentur
2972 712 3176 784 inique,
3213 724 3269 770 ut
3300 686 3568 788 propheta

240 795 500 859 prmus.
535 807 715 865 Cum
756 813 944 885 igimr
985 815 1250 881 Christus,
1293 826 1348 871 ut
1381 834 1543 889 supra
1581 823 1865 891 probmlm
1976 797 2201 891 testatur
2217 794 2629 891 ZachariasE-Et
2647 798 2888 865 dicetur,
2920 800 3112 871 inquit,
3146 805 3231 859 ei:
3273 806 3567 872 Quidrunt

185 892 279 951 es"
328 898 387 943 ει
428 910 542 962 βπ
608 860 1554 977 B—éi_:'i';ll,gl;';;)];l’n,;1e;:i;‘;
1970 879 2307 948 plagteisto’,
2328 883 2387 935 in
2408 884 2586 938 medio
2604 892 3248 947 manuumtuarum?Et
3270 894 3450 950 dicet:
3470 898 3566 953 His

196 972 404 1045 iecerit,
441 991 505 1037 et
540 1001 624 1040 ex
663 989 787 1044 hoc
852 1001 1125 1061 sequatur
1152 994 1295 1063 quod
1354 968 1562 1050 amicus
1593 1000 1709 1067 ejus
1742 1017 1863 1054 ser-
1971 968 2381 1072 P’“Wf{"€""‘
2491 972 2650 1027 domo
2675 990 2867 1072 είξνίινη
2902 993 3036 1072 Ψξθδ
3054 978 3351 1072 άίίίθξρανη
3374 985 3565 1051 (Ζασή-

200 1080 419 1138 vusque
448 1070 663 1128 ﬁdelis
730 1058 1027 1141 exstiterit,
1087 1058 1276 1149 procul
1307 1082 1472 1136 dubio
1522 1058 1865 1142 concluditur
1977 1068 2149 1171 xm?"
2179 1058 2307 1121 sed’
2342 1060 2652 1171 0.M0yses’
2696 1063 2739 1115 Si
2768 1064 2881 1171 Dleo
2913 1066 3109 1134 placel’
3146 1068 3325 1125 adhuc
3357 1080 3568 1171 ίθξπΡυδ

207 1154 348 1222 quod
388 1154 468 1210 de
504 1158 640 1214 Deo
679 1161 774 1214 vel
808 1178 878 1216 ex
910 1174 1059 1232 parte
1105 1166 1221 1231 ejus
1266 1166 1404 1220 falso
1449 1168 1579 1222 nihil
1626 1188 1861 1242 unquam
1974 1152 2151 1197 "eum
2192 1162 2298 1214 quo
2356 1155 2406 1201 et
2460 1162 2693 1218 nepotes
2743 1162 2952 1221 panum
2981 1171 3203 1210 suorum
3266 1162 3563 1229 nequitiam

209 1239 425 1297 locutus
457 1246 563 1299 sit.
609 1247 792 1318 Quod
825 1265 950 1305 cum
985 1252 1056 1305 ita
1087 1254 1173 1320 sit,
1210 1254 1483 1309 veraciter
1511 1274 1644 1330 ergo
1673 1239 1859 1314 Filium
1974 1244 2399 1303 recognoscant
2434 1246 2486 1290 et
2532 1253 2721 1292 eorum
2772 1250 2997 1310 Ρθτθθδίθ
3028 1245 3377 1303 commendo
3409 1250 3567 1319 Pl‘m'

218 1338 315 1393 Dei
345 1358 407 1396 se
431 1346 890 1411 vocavituoan.
927 1354 1000 1411 Χ).
1972 1338 2099 1396 gent
2132 1337 2184 1382 et
2230 1330 2510 1394 dolebunt,
2547 1341 2600 1387 et
2640 1334 2711 1387 ad
2745 1336 3035 1392 Dominum
3094 1350 3484 1399 convertentur
3512 1358 3566 1403 et

294 1454 555 1510 Movsas.
587 1458 758 1513 Ratio
793 1468 878 1513 est
908 1461 1048 1531 quod
1079 1461 1283 1516 dixisti.
1319 1465 1426 1519 Sed
1458 1467 1562 1521 hoc
1595 1484 1717 1522 cum
1750 1478 1864 1523 stu-

225 1558 359 1612 pore
390 1544 661 1600 admiror
690 1563 802 1617 ego
821 1549 1133 1603 vehementi
1157 1552 1301 1621 quod
1332 1568 1454 1608 cum
1491 1563 1739 1626 tempore
1770 1558 1863 1613 illo

231 1632 560 1701 complures
592 1633 806 1689 fuerint
841 1637 961 1698 viri,
999 1638 1277 1694 intellectu
1309 1657 1510 1710 magno
1541 1660 1606 1698 ac
1633 1647 1857 1715 sapien-

234 1720 309 1772 tia
337 1721 580 1790 praediti,
616 1738 972 1795 nequaquam
1000 1742 1125 1779 eum
1168 1728 1334 1782 talem
1382 1730 1552 1785 fuisse
1586 1750 1856 1803 percepe-

240 1808 370 1861 rint.
401 1806 572 1877 Quod
605 1811 653 1863 si
680 1820 1049 1882 agnoverunt,
1107 1831 1277 1885 quare
1308 1816 1470 1872 fidem
1504 1820 1619 1886 ejus
1650 1822 1852 1876 doctri-

234 1912 487 1967 namque
515 1910 872 1968 respuerunt,
906 1910 957 1954 et
988 1918 1110 1955 eum
1169 1904 1563 1975 cruciﬁgendo,
1623 1925 1852 1965 suarum

238 1985 665 2041 damnationem
696 1989 1002 2043 animarum
1035 1990 1275 2047 scienter
1304 1993 1649 2050 incurrerunt
1680 1999 1708 2050 ?

319 2091 566 2146 Penus.
604 2094 765 2155 Sane,
829 2094 966 2149 sicut
1019 2097 1393 2164 prmdiximus,
1427 2116 1490 2153 ex
1521 2100 1719 2155 invidia
1754 2104 1857 2159 hoc

233 2178 525 2243 fecerunt,
559 2181 688 2250 quia
746 2181 998 2237 videlicet
1030 2200 1128 2252 per
1184 2202 1303 2239 eum
1344 2188 1671 2257 dignitatem
1718 2207 1871 2245 suam

231 2281 307 2321 ac
348 2266 555 2321 famam
613 2269 866 2324 amittere
922 2279 1212 2326 timuerunt
1259 2276 1440 2341 (Joan.
1479 2278 1578 2341 χι).
1652 2278 1717 2331 Et
1751 2280 1874 2334 huic

229 2354 431 2409 simile
489 2356 799 2410 invenimus
848 2365 1092 2428 tempore
1147 2361 1457 2416 Jeroboam
1520 2366 1666 2436 regis
1706 2365 1873 2420 lsrael

230 2441 458 2498 factum
490 2460 634 2498 esse.
693 2447 907 2500 Mortuo
962 2447 1163 2518 quippe
1204 2449 1518 2515 Salomone,
1548 2452 1600 2506 in
1639 2453 1745 2508 duo
1777 2454 1863 2508 di-

226 2531 431 2585 visum
464 2541 544 2587 est
576 2549 809 2599 remum
844 2534 976 2601 ejus,
1031 2536 1313 2606 Scriptura
1364 2546 1684 2605 attestante,
1719 2542 1863 2595 obti-

223 2620 480 2691 nuitque
535 2628 746 2690 partem
783 2637 945 2675 unam
988 2621 1135 2676 titius
1184 2625 1305 2692 ejus
1350 2626 1617 2694 Roboam,
1657 2638 1865 2700 partem

222 2723 385 2762 vero
415 2707 645 2762 alteram
677 2726 873 2763 servus
904 2711 1024 2778 ejus
1070 2712 1379 2768 Jeroboam.
1413 2718 1657 2787 Accepto
1687 2727 1865 2772 autem

221 2796 548 2851 Jeroboam
577 2813 700 2852 cum
731 2797 1079 2869 optimatibus
1128 2803 1252 2855 suis
1313 2804 1563 2870 consilio,
1596 2806 1733 2859 duos
1764 2824 1866 2861 au-

216 2900 375 2938 reos
405 2884 539 2939 fecit
569 2887 766 2940 vitulos
818 2903 955 2957 quos
985 2889 1220 2958 populus
1238 2891 1515 2957 adoraret,
1549 2910 1636 2955 ne,
1671 2896 1717 2947 si
1752 2896 1870 2949 Hie-

218 2972 498 3027 rusalem
531 2973 598 3027 ad
630 2974 907 3028 orandum
939 2984 990 3029 et
1022 2976 1460 3039 sacriﬁcandum.
1491 2989 1544 3033 ut
1575 2998 1693 3036 mos
1724 2993 1863 3047 erat,

221 3058 459 3126 sacpius
490 3059 855 3123 ascenderet,
891 3058 1097 3114 t'orsam
1131 3062 1423 3133 aliquando
1462 3066 1663 3120 ibidem
1699 3082 1871 3122 rema-

214 3154 428 3210 neret,
467 3148 724 3217 partique
758 3146 999 3202 Roboam
1056 3150 1373 3216 adhaereret,
1433 3162 1489 3206 et
1537 3154 1609 3208 ita
1630 3156 1868 3222 dignita-

1973 1417 2243 1481 redibunt,
2274 1419 2414 1474 sicut
2461 1421 2591 1476 dicit
2638 1425 2919 1479 Zacharias
2961 1430 3256 1497 prOpheta:
3292 1435 3360 1487 Et
3385 1434 3567 1504 e/fun-

1972 1504 2101 1558 dum
2124 1523 2293 1576 super
2322 1508 2548 1563 domum
2572 1512 2764 1577 David,
2800 1518 2857 1567 et
2887 1532 3057 1586 super
3080 1518 3423 1576 habitatores
3438 1525 3566 1579 Hie-

1972 1596 2220 1649 rusalem
2243 1598 2509 1667 spiritum
2522 1602 2720 1669 gratia:
2740 1607 2798 1656 et
2826 1619 3080 1672 precum,
3118 1612 3173 1661 et
3197 1611 3475 1679 aspicient
3497 1618 3569 1669 ad

1974 1708 2058 1745 me
2105 1710 2266 1763 quem
2310 1696 2695 1762 «ton/icerant,
2742 1703 2797 1752 et
2840 1701 3120 1770 plangent
3163 1721 3292 1759 eum
3323 1710 3564 1777 planctu

1970 1779 2129 1847 quasi
2148 1779 2525 1845 unigenitum,
2550 1786 2605 1834 et
2636 1783 2906 1838 dolebant
2934 1803 3106 1857 super
3124 1804 3274 1853 eum,
3298 1797 3360 1845 ut
3385 1792 3563 1850 doleri

1895 1873 1942 1933 ί]
1974 1866 2112 1917 solet
2138 1867 2199 1919 in
2230 1871 2405 1922 morte
2437 1869 2805 1940 primogeniti
2838 1874 3029 1937 (Zach.
3080 1880 3197 1945 xli).
3234 1879 3298 1932 Et
3326 1880 3417 1934 det
3447 1883 3566 1951 tibi,

1983 1969 2186 2023 quaeso,
2219 1956 2562 2025 omnipotens
2597 1959 2757 2023 Deus,
2801 1970 2858 2014 ut
2898 1971 2952 2016 tu
2983 1963 3051 2017 de
3074 1964 3180 2019 illis
3212 1967 3302 2037 qui
3332 1984 3569 2026 conver-

1983 2049 2177 2107 tentur,
2211 2043 2285 2095 sis
2310 2060 2467 2097 unus.
2502 2046 2706 2101 Amen.

2558 2216 2853 2272 TITULUS
2894 2220 2994 2275 XI.

2081 2310 2153 2363 De
2187 2313 2595 2369 resurrectione
2618 2318 2673 2369 et
2692 2332 2935 2373 ascensu
2968 2318 3179 2378 Christi
3208 2324 3269 2379 in
3299 2330 3501 2383 enatant

2052 2441 2295 2495 Mersus.
2332 2443 2621 2516 Hueusque
2655 2446 2784 2501 satis
2830 2458 3107 2505 ostensum
3139 2461 3222 2508 est
3250 2455 3318 2510 de
3348 2457 3573 2517 homine

1975 2529 2067 2583 illo
2109 2531 2248 2600 quod
2302 2531 2579 2587 voluntate
2617 2544 2913 2604 spontanea
2958 2555 3054 2608 pro
3098 2556 3304 2612 genere
3334 2546 3572 2603 humano

1977 2625 2205 2671 mortem
2249 2621 2550 2690 susceperit
2598 2624 2942 2681 redimendo.
2974 2629 3131 2683 Nunc
3178 2638 3356 2687 autem
3403 2635 3472 2691 de
3503 2653 3569 2693 eo

1974 2710 2153 2755 tecum
2183 2703 2328 2773 loqui
2362 2704 2504 2769 volo,
2537 2707 2702 2776 quod,
2756 2709 2893 2763 sicut
2942 2711 2996 2765 in
3030 2720 3132 2768 tua:
3163 2713 3289 2770 fidei
3344 2722 3569 2790 exposi-

1977 2790 2121 2844 tione
2151 2790 2352 2856 dixisti,
2386 2793 2473 2847 die
2524 2797 2819 2850 resurrexit
2853 2797 3030 2855 tertio.
3079 2801 3147 2856 Et
3182 2804 3319 2860 bene
3353 2809 3573 2877 quidem

1979 2896 2100 2933 esse
2121 2879 2310 2948 potuit,
2345 2895 2468 2934 cum
2498 2882 2712 2937 deitatis
2760 2886 3057 2955 plenitudo,
3084 2898 3140 2943 ut
3178 2893 3333 2959 dicis,
3367 2896 3421 2949 in
3451 2897 3572 2969 ipso

1981 2968 2296 3021 habitaverit
2334 2970 2474 3037 (Col.
2507 2978 2587 3039 ιι),
2619 2981 2956 3045 cazterosque
3004 2987 3243 3035 mortuos
3276 2982 3403 3039 vita:
3434 2968 3567 3042 red-

1979 3064 2193 3130 diderit,
2231 3073 2286 3119 ut
2317 3066 2555 3137 seipsum
2615 3071 3041 3127 resuscitaverit.
3102 3076 3210 3131 Sed
3268 3080 3370 3136 hoc
3410 3085 3572 3141 modo

1979 3169 2166 3224 (μιξείο
2195 3168 2227 3207 a
2259 3161 2311 3208 te
2342 3155 2406 3221 si,
2458 3165 2746 3228 postquam
2789 3160 3106 3230 resurrexit,
3141 3166 3283 3223 Deus
3321 3177 3374 3224 et
3404 3172 3567 3228 homo

218 3241 355 3287 tem
390 3250 547 3289 suam
602 3236 899 3290 Jeroboam
957 3238 1255 3304 amitteret,
1305 3240 1444 3295 sicut
1495 3245 1684 3297 caulem
1717 3245 1864 3300 Scri-
1914 3229 1961 3290 Ο
1991 3249 2046 3295 ut
2074 3241 2228 3312 prius
2258 3241 2437 3309 fuerit,
2471 3246 2693 3299 necne?

226 3330 412 3393 ptura
442 3322 619 3389 docet,
636 3323 850 3377 dicens:
870 3325 1141 3397 Dixitque
1159 3329 1443 3384 Jeroboam
1460 3332 1519 3385 in
1537 3333 1699 3387 corde
1716 3350 1819 3389 suo
1843 3351 1855 3388 :

223 3411 411 3465 Nunc
437 3415 758 3466 revertetur
790 3427 1030 3483 regnum
1046 3415 1119 3469 ad
1134 3416 1362 3470 domum
1387 3419 1579 3481 David,
1598 3421 1861 3476 siascen—

223 3498 399 3553 derit
407 3501 650 3570 populus
668 3502 780 3555 iste
804 3505 867 3555 ut
880 3503 1061 3571 faciat
1078 3505 1363 3571 sacriﬁcia
1391 3508 1450 3561 in
1484 3508 1642 3562 domo
1666 3510 1860 3564 Domi-

221 3596 303 3649 ni
333 3598 402 3650 in
436 3597 894 3661 Hierusalem,“
928 3605 1292 3656 eonvertetur
1330 3620 1426 3657 cor
1447 3605 1646 3676 populi
1684 3607 1855 3669 huius

222 3692 313 3747 ad
336 3693 644 3748 Dominum
658 3710 829 3749 suum
846 3697 1077 3752 Roboam
1097 3714 1279 3769 regem
1296 3701 1458 3764 Iuda,
1481 3703 1848 3769 interﬁcient-

226 3798 350 3853 que
363 3797 456 3837 me
478 3786 535 3836 et
554 3786 922 3838 revertentur
947 3786 1020 3840 ad
1040 3802 1189 3841 eum.
1215 3789 1285 3841 Et
1307 3792 1550 3858 cogitato
1586 3791 1848 3859 consitio,

222 3870 541 3939 fecitduo:
564 3872 776 3926 vitulo:
803 3889 1022 3936 aureos,
1047 3879 1103 3928 et
1125 3875 1279 3930 dixit
1309 3877 1389 3931 eis
1418 3892 1430 3930 :
1466 3879 1649 3933 Nolite
1691 3882 1853 3935 ultra

225 3959 554 4013 ascendere
590 3960 962 4014 Hierusalem.
988 3963 1123 4017 Ecce
1145 3964 1224 4018 dii
1244 3966 1345 4027 tui,
1382 3966 1574 4029 Israel,
1606 3969 1852 4038 quiedu-

231 4050 469 4101 xerunt
496 4051 548 4101 te
579 4048 645 4102 de
682 4051 841 4102 terra
874 4050 1096 4120 ,λεωριί
1124 4051 1231 4119 (III
1258 4055 1384 4122 Reg.
1417 4058 1538 4121 xu).
1582 4055 1714 4109 Cum
1746 4072 1847 4110 au-

227 4142 352 4189 tem
414 4142 469 4189 et
525 4135 644 4205 ipse
675 4136 978 4204 Jerohoan,
1038 4149 1091 4193 et
1138 4156 1394 4208 proceres
1425 4143 1528 4208 sui,
1577 4144 1852 4214 sapientia

229 4223 426 4277 multa
456 4231 641 4278 essent
668 4224 899 4293 praediti,
935 4234 1044 4280 tum
1077 4245 1175 4297 per
1215 4229 1561 4285 Salomonem
1590 4232 1676 4303 qui
1702 4249 1850 4302 prae-

231 4320 511 4375 cesserat,
538 4312 630 4382 qui
651 4312 903 4367 omnium
920 4323 969 4367 et
987 4318 1411 4384 praecedentium
1430 4328 1483 4373 et
1503 4321 1848 4391 sequentium

233 4415 320 4461 se.
358 4407 502 4454 teste
551 4398 861 4469 Scriptura,
913 4403 1347 4472 sapientissimus
1381 4408 1554 4461 fuerat
1595 4409 1694 4479 (111
1722 4412 1845 4481 Reg.

228 4488 338 4548 iv),
376 4490 491 4537 tum
522 4499 621 4554 per
664 4500 858 4555 pacem
899 4484 1067 4557 ipsius
1110 4497 1352 4559 tempore
1384 4491 1695 4547 Salomonis
1722 4510 1843 4548 ma-

2042 3358 2275 3410 Parnus.
2336 3357 2512 3412 Credo
2550 3360 2734 3429 prscul
2774 3361 2940 3418 dubio
2980 3364 3104 3435 quia
3144 3367 3222 3425 sic
3264 3368 3378 3427 fuit.
3436 3373 3568 3430 Cum

1969 3445 2114 3499 enim
2172 3445 2293 3516 ejus
2343 3446 2517 3500 anima
2577 3463 2607 3502 a
2653 3464 2878 3520 corpore
2936 3452 3200 3510 dissoluta
3250 3459 3320 3513 ad
3359 3459 3571 3520 inferos

1968 3548 2023 3594 ut
2066 3540 2192 3595 inde
2238 3541 2408 3597 bonos
2446 3544 2683 3613 eriperet
2738 3545 3040 3616 descendit,
3089 3567 3367 3625 nunquam
3399 3558 3469 3613 ab
3502 3576 3570 3616 ea

1966 3629 2221 3683 divinitas
2273 3629 2392 3699 ipsa
2436 3632 2681 3687 recessit.
2718 3634 2872 3689 Unde
2907 3644 2959 3691 et
2993 3652 3119 3693 cum
3148 3642 3216 3696 ad
3244 3658 3445 3715 corpus
3474 3665 3568 3704 re-

1967 3718 2183 3779 meavit,
2239 3734 2454 3788 semper
2510 3734 2635 3775 cum
2684 3737 2749 3776 ea
2805 3726 3125 3794 permansit,
3160 3746 3328 3801 quare
3356 3743 3408 3789 et
3437 3743 3568 3795 tunc
3644 3726 3649 3732 ’

1965 3812 2020 3861 ct
2045 3821 2191 3861 nunc
2214 3814 2264 3861 et
2295 3823 2465 3878 usque
2495 3808 2547 3861 in
2590 3817 2855 3865 aeternum
2886 3822 2935 3867 et
2976 3814 3138 3871 homo
3169 3826 3222 3873 ct
3249 3820 3396 3877 Deus
3427 3825 3556 3880 erit.

2035 3923 2280 3975 Mersus.
2339 3922 2479 3976 Satis
2535 3939 2660 3978 reor
2710 3926 2834 3996 quia
2894 3926 2977 3984 sic
3007 3931 3224 4000 credas,
3260 3936 3356 3991 sed
3390 3948 3559 3995 restat

1961 4009 2135 4063 adhuc
2188 4026 2353 4064 unum
2410 4010 2478 4065 de
2526 4028 2633 4083 quo
2691 4014 2820 4068 mihi
2861 4016 2984 4072 volo
3034 4023 3388 4090 respondeas.
3424 4027 3557 4084 Cum

1962 4098 2107 4151 enim
2137 4113 2242 4152 non
2264 4099 2335 4153 ob
2366 4097 2522 4152 aliam
2554 4115 2773 4155 causam
2824 4120 2991 4175 quam
3021 4113 3078 4160 ut
3107 4105 3249 4165 ﬁlios
3281 4113 3457 4169 Adam
3488 4116 3559 4171 dc

1960 4185 2158 4241 diaboli
2183 4187 2317 4257 jugo
2348 4187 2581 4257 eriperet
2624 4205 2844 4245 carnem
2884 4196 3207 4267 susceperit,
3247 4210 3556 4274 postquam,

1962 4281 2017 4327 ut
2066 4274 2223 4342 dicis,
2285 4274 2416 4329 illud
2467 4278 2778 4347 complevit,
2830 4289 2887 4334 ut
2917 4283 3109 4352 voluit,
3143 4303 3314 4358 quare
3359 4291 3557 4350 iterum

1960 4363 2210 4433 corporis
2243 4379 2301 4418 se
2331 4365 2600 4435 gravitate
2630 4365 2962 4437 impedivit?

2031 4470 2265 4523 PETRUS.
2300 4469 2505 4541 Corpus
2538 4472 2754 4542 quidem
2790 4475 2992 4531 Chaisti
3024 4480 3221 4535 subtile
3253 4482 3368 4552 fuit,
3404 4495 3457 4542 et
3485 4489 3557 4543 ab

236 4587 358 4642 gna
388 4570 691 4637 exstiterat,
744 4590 864 4644 quae
908 4575 973 4629 ad
1006 4558 1322 4632 discendum
1367 4579 1708 4650 sapientiam,
1739 4597 1842 4652 op—
1875 4581 1928 4639 D
1957 4558 2103 4652 91m“
2132 4567 2360 4652 Ρθοφίο
2411 4561 2830 4652 Ψυηᾴίδδίωυω
2862 4566 3021 4634 (καῖ’
3061 4584 3153 4624 ¹¹¹¹¹
3181 4588 3194 4634 ἲ
3230 4573 3259 4627 Ῐ
3279 4576 3433 4631 Pet“
3467 4579 3566 4647 ")-

234 4661 637 4730 portunitatem
667 4677 925 4733 magnam
958 4673 1204 4735 praestat,
1242 4675 1394 4737 patet
1428 4668 1690 4738 profecto,
1727 4671 1849 4741 quia

235 4749 387 4804 sicut
416 4749 679 4817 diximus,
712 4767 812 4819 per
862 4752 1123 4808 invidiam
1179 4763 1232 4810 et
1294 4755 1541 4812 timorem
1576 4759 1731 4828 regni
1763 4760 1846 4814 sui

242 4836 573 4893 admittendi
622 4847 726 4893 hoc
756 4838 1001 4895 fecerint.
1064 4842 1241 4897 Mirari
1296 4843 1460 4914 igitur
1497 4861 1603 4899 non
1655 4846 1847 4915 debes,

242 4924 290 4979 si
324 4925 466 4997 legis
497 4926 758 4982 doctores
787 4934 837 4982 et
871 4928 1074 4985 Scribae
1097 4929 1315 4987 invidiae
1340 4948 1550 4988 veneno
1581 4933 1848 4989 Christum

244 5020 571 5087 occiderint,
632 5036 760 5075 cum
813 5039 917 5093 per
962 5039 1087 5078 eum
1143 5025 1374 5096 gloriam
1422 5035 1475 5082 et
1531 5027 1849 5099 dignitatem

246 5124 403 5163 suam
433 5109 733 5164 amissuros
764 5126 823 5166 se
853 5126 975 5167 esse
1004 5112 1317 5171 timuerunt.

315 5233 560 5288 Moyses.
616 5233 921 5290 Verisimile
953 5239 1214 5308 estquod
1264 5239 1415 5295 dicis.
1457 5241 1842 5295 Verumtamen

245 5321 425 5378 adhuc
470 5322 642 5378 etiam
702 5322 875 5377 miror
926 5326 1302 5396 vehementer,
1352 5329 1477 5384 licet
1532 5329 1601 5384 de
1652 5329 1849 5385 eodem

242 5411 365 5466 alibi
396 5410 733 5483 quaesierim,
768 5411 953 5482 miror,
1002 5413 1240 5485 inquam,
1275 5430 1402 5471 cum
1431 5432 1463 5472 a
1492 5417 1606 5472 Deo
1638 5433 1846 5473 secun-

238 5499 361 5555 dum
392 5500 544 5573 quod
576 5498 717 5553 dicis
740 5508 931 5570 potens
962 5503 1253 5571 exstiterit,
1289 5519 1389 5560 cur
1417 5521 1481 5560 se
1514 5504 1699 5561 statim
1734 5522 1842 5561 non

239 5587 618 5645 vindicaverit.

303 5698 548 5753 Parens.
590 5693 704 5748 Hoc
732 5708 927 5765 nempe
957 5711 1054 5751 sua
1110 5714 1310 5770 magna
1365 5700 1601 5756 bonitate
1635 5700 1765 5756 fecit
1794 5706 1853 5753 et

228 5782 655 5844 misericordia.
722 5781 784 5837 Et
839 5783 945 5840 hoc
990 5787 1333 5858 percepimus
1387 5804 1489 5845 nos
1548 5806 1613 5845 ex
1659 5786 1850 5844 verbis

229 5880 368 5951 eius:
413 5874 561 5932 dum
597 5870 657 5925 in
700 5884 866 5927 οωθθ
910 5874 1192 5945 penderet,
1225 5877 1493 5936 dicentis:
1532 5880 1724 5946 Pater,
1762 5875 1847 5931 di-

570 5967 839 6063 Pamon.
877 5967 1129 6042 CLVII.

1957 4645 2149 4717 Neque
2179 4646 2321 4701 enim
2353 4648 2438 4702 vel
2482 4648 2638 4718 primi
2688 4653 2926 4721 parentis
2974 4656 3123 4726 Adae,
3166 4659 3248 4714 vel
3276 4677 3340 4716 ex
3371 4645 3555 4736 seipso

1958 4734 2178 4805 aliquod
2238 4737 2508 4791 contraxit
2562 4747 2866 4808 peccatum,
2916 4750 2970 4797 et
3025 4759 3149 4799 cum
3208 4749 3315 4804 tale
3371 4734 3550 4822 fuerit,

1956 4823 2201 4894 nunquid
2223 4824 2360 4878 mori
2391 4825 2592 4892 debuit,
2625 4842 2749 4883 cum
2778 4836 2830 4883 et
2853 4830 3045 4897 Adam,
3076 4835 3291 4890 nonnisi
3319 4848 3549 4910 propter

1955 4920 2237 4982 peccatum
2266 4912 2483 4980 obierit,
2516 4921 2568 4969 et
2599 4924 2864 4987 praetcrea
2893 4934 3018 4974 cum
3051 4920 3105 4976 in
3145 4938 3212 4978 eo
3243 4924 3417 4981 deitas
3449 4928 3553 4985 ha-

1960 5000 2212 5055 bitaverit
2241 5002 2268 5055 ?

2028 5108 2280 5161 Morsas.
2319 5108 2461 5163 Non.

2028 5214 2282 5267 Parens.
2321 5214 2457 5269 Cum
2486 5231 2617 5287 ergo
2652 5216 2854 5273 nullam
2884 5221 2956 5275 ob
2987 5221 3223 5294 culpam,
3257 5243 3423 5298 quam
3446 5232 3551 5287 ad-

1955 5300 2211 5367 ιῐιὶείεδιι,
2244 5301 2352 5357 imo
2372 5320 2472 5374 pro
2499 5306 2774 5361 salvandis
2803 5308 2917 5363 suis
2945 5310 3288 5370 solummodo
3318 5327 3549 5376 mortem

1954 5391 2214 5460 suscepit,
2248 5392 2493 5462 nunquid
2523 5409 2631 5448 non
2665 5396 2856 5452 merito
2895 5399 3205 5457 resuscitari
3236 5403 3421 5461 debuit
3449 5410 3478 5462 ‘?

2026 5496 2283 5550 Movsas.
2321 5496 2472 5553 Ordo
2526 5516 2659 5555 sane
2713 5502 2938 5557 rationis
2969 5504 3048 5561 sic
3100 5508 3287 5582 exigit.
3324 5512 3429 5569 Sec
3457 5530 3557 5572 cur

1951 5585 2087 5640 adeo
2118 5585 2366 5641 suscitari
2398 5587 2691 5650 festinavit,
2741 5600 2795 5645 et
2837 5608 2946 5648 non
2976 5585 3263 5669 quousque
3295 5599 3426 5656 boui
3462 5606 3559 5676 qui

1953 5674 2151 5729 mortui
2182 5682 2323 5743 sunt,
2370 5676 2463 5729 alii
2523 5678 2852 5733 suscitentur
2900 5681 2954 5735 in
2985 5683 3091 5740 fine
3125 5687 3313 5742 mundi
3346 5690 3392 5760 (Ι
3426 5674 3552 5751 cor.

1953 5780 2051 5829 xv;
2082 5762 2281 5818 Matth.
2314 5766 2461 5835 xxv),
2495 5767 2832 5837 exspectavit
2868 5771 2896 5823 εἰ

2021 5871 2281 5928 Ριετιιυε.
2321 5871 2431 5930 Alii
2461 5888 2696 5948 namque
2745 5878 2948 5935 mortui
2993 5890 3223 5953 peccata
3251 5883 3308 5939 in
3338 5888 3546 5949 mundo

3239 5980 3311 6047 21
