3966 6398
496 379 592 432 651

1445 376 1642 431 PETRI
1683 374 2024 431 ALPHONSI
2064 373 2160 430 EX
2199 373 2436 430 JUD.’E0
2479 374 2874 431 (IHRISTIANI

3696 375 3820 428 652

485 501 590 558 isto
618 499 779 573 plura
835 499 1244 565 commiserunt,
1302 498 1428 571 quin
1473 507 1526 555 et
1554 515 1654 571 pro
1686 500 1820 555 Adae
1874 500 2073 556 delicto
2102 503 2156 560 Α
2185 497 2358 551 tulum
2404 497 2652 567 grossius
2702 497 2797 552 tibi
2845 495 3208 568 respondebo,
3261 502 3314 551 et
3367 492 3489 564 quia
3533 509 3633 566 per
3689 494 3816 550 hoc

485 598 740 656 mortem,
774 605 990 662 ptenam
1023 589 1234 645 scilicet
1264 587 1493 659 peccati,
1527 596 1907 658 susceperunt,
1937 589 2084 660 ideo,

487 703 594 761 que
623 703 908 760 quousque
931 687 1046 743 Deo
1073 686 1339 758 placuerit
1369 685 1620 742 suscitari
1655 702 1765 741 non
1807 695 2086 758 poterunt-

488 777 581 834 ille
605 784 788 833 autem
817 791 921 832 nec
949 777 1102 843 Adae,
1135 791 1237 830 nec
1265 773 2084 846 aliud,utdiximus,peccatum

486 869 696 934 habuit,
732 869 840 924 imo
870 875 1069 940 sponte
1105 883 1218 935 sua,
1253 875 1306 923 et
1334 883 1431 938 pro
1461 875 1651 923 nostra
1683 869 2080 939 redemptione,

486 958 575 1014 die
606 957 825 1030 quidem
878 971 984 1012 una
1041 955 1315 1020 occubuit,
1375 956 1486 1012 alia
1512 972 1645 1012 vero
1675 958 1746 1012 ad
1792 957 2082 1022 infernum,

486 1055 543 1102 ut
571 1046 699 1102 inde
728 1046 904 1102 bonos
958 1045 1237 1112 educeret,
1285 1047 1405 1116 ipse
1437 1045 1741 1101 descendit.
1783 1045 1919 1101 Cum
1949 1062 2085 1118 ergo

486 1135 672 1192 omnia
725 1141 956 1206 propter
1011 1149 1136 1205 qua;
1176 1140 1410 1190 venerat
1443 1134 1558 1204 jam
1604 1135 1954 1204 complesset,
1986 1151 2087 1190 nec

485 1219 626 1277 foret
672 1217 918 1285 ulterius,
967 1223 1032 1273 ut
1086 1217 1163 1272 ita
1203 1217 1404 1283 dicam,
1447 1217 1593 1290 quod
1641 1217 1886 1274 facturus
1915 1227 2082 1283 esset,

482 1309 677 1364 merito
705 1307 795 1363 die
821 1307 976 1364 tertia
1023 1307 1345 1362 resurrexit.
1406 1308 1678 1362 Praeterea
1708 1308 1871 1362 etiam
1896 1307 2084 1364 Enoch

483 1405 536 1454 et
565 1397 730 1462 Elias,
790 1395 918 1468 quia
974 1395 1151 1450 sancti
1206 1395 1309 1450 viri
1344 1410 1410 1452 ac
1469 1395 1626 1469 digni
1655 1395 1891 1459 fuerunt,
1946 1397 2087 1452 sicut

482 1485 761 1542 credimus
789 1493 843 1540 et
873 1499 972 1540 nos
1001 1491 1054 1539 et
1081 1499 1202 1546 vos,
1265 1484 1446 1540 adhuc
1499 1485 1691 1538 vivunt
1719 1485 1886 1554 (Gen.
1919 1502 1986 1549 v;
2021 1486 2090 1541 IV

485 1577 615 1648 Reg.
645 1575 726 1644 ιι),
760 1581 812 1629 et
841 1571 971 1629 licet
1010 1573 1063 1627 in
1113 1571 1221 1628 une
1251 1571 1438 1627 mundi
1469 1565 1738 1638 morituri,
1785 1573 1966 1628 statim
1999 1582 2084 1628 ta-

480 1679 605 1718 men
657 1670 882 1734 propter
930 1664 1272 1718 sanctitatem
1320 1677 1477 1716 suam
1527 1662 1888 1717 resurrecturi
1935 1670 2080 1717 sunt.

477 1751 638 1821 Quod
665 1767 791 1806 cum
846 1753 924 1804 ita
952 1751 1043 1818 sit,
1105 1765 1306 1820 corpus
1359 1749 1557 1806 Christi
1614 1751 1761 1822 quod
1793 1750 2086 1807 sanctissi-

470 1937 565 1993 tim
597 1946 652 1993 ut
680 1938 853 1993 voluit
882 1937 1131 1994 suscitari
1176 1953 1286 1992 non
1315 1937 1546 1992 debuit?
1590 1939 1720 1993 Ideo
1751 1938 1914 1992 etiam
1946 1955 2068 1992 eum

469 2026 725 2083 suscitari
773 2042 1004 2082 necesse
1053 2025 1168 2094 fuit,
1230 2034 1285 2080 ut
1315 2026 1453 2082 sicut
1511 2042 1607 2098 per
1659 2035 1885 2081 mortem
1919 2042 2073 2082 suam

469 2115 818 2171 descendens
846 2115 914 2170 ad
953 2113 1160 2170 inferos
1187 2114 1256 2170 de
1279 2115 1402 2182 jure
1431 2114 1636 2169 diaboli
1666 2120 1911 2170 mortuos
1942 2115 2076 2170 libe-

470 2203 631 2270 ravit,
674 2203 751 2258 ita
793 2211 847 2259 et
892 2219 991 2274 per
1039 2203 1500 2258 resurrectionem
1531 2219 1685 2258 suam
1718 2204 1786 2259 de
1822 2205 2069 2272 ejusdem

473 2300 678 2357 diaboli
731 2315 920 2367 manu,
979 2308 1238 2356 venturos
1293 2299 1567 2368 liberaret,
1619 2301 1744 2372 quia
1775 2315 1899 2356 cum
1947 2316 2074 2355 eum

473 2389 846 2447 resurrexisse
875 2389 1122 2456 audiunt,
1176 2388 1428 2455 credunt,
1458 2393 1514 2444 et
1543 2389 1612 2444 de
1637 2390 1772 2461 jugo
1802 2389 1973 2460 ipsius
2002 2389 2078 2444 ita

475 2496 696 2545 exeunt.

540 2613 812 2670 Movsas.
853 2611 1019 2668 Ratio
1047 2619 1130 2668 est
1159 2611 1306 2683 quod
1333 2610 1492 2667 dicis.
1527 2611 1634 2666 Sed
1665 2627 1858 2681 posses
1889 2621 1942 2666 tu
1972 2612 2078 2666 ali-

471 2725 580 2783 qua
604 2711 987 2781 prophetarum
1017 2709 1340 2765 auctoritate
1367 2708 1515 2780 quod
1566 2708 1816 2764 suscitari
1847 2708 2078 2764 deberet

481 2799 773 2855 ostendere
805 2797 834 2851 ?

543 2939 801 2993 PETRUS.
844 2937 1072 2992 Possum
1117 2935 1324 3000 utique.
1363 2933 1508 2991 Dicit
1553 2950 1791 3007 namque
1824 2934 1990 2989 David
2025 2935 2078 2989 in

471 3027 720 3101 psalmo:
759 3026 884 3082 Dies
911 3041 1084 3098 super
1113 3024 1231 3080 dies
1263 3026 1410 3095 regis
1439 3024 1698 3095 adjicies,
1732 3040 1915 3079 annos
1955 3025 2078 3095 ejus

467 3133 644 3190 usque.
661 3121 725 3172 in
740 3116 893 3171 diem
915 3115 1298 3187 generationis
1314 3117 1370 3170 et
1383 3114 2075 3185 generationis(Psal.Lx).

2197 585 2323 640 boni
2355 585 2560 655 aliquid
2593 586 2928 641 crediturum
2955 594 3006 641 te
3035 601 3160 641 esse
3189 583 3470 639 desidero.

2269 675 2529 729 Mersus.
2567 675 2629 730 Ut
2666 676 2742 730 sic
2777 675 2945 730 facias
2974 673 3289 745 expostulo.

2269 764 2528 818 Pramus.
2560 763 2713 818 Nosti
2745 765 2925 833 itaque
2956 763 3097 832 quod
3114 777 3277 816 anser
3292 769 3341 817 et
3357 759 3578 832 gallina,
3604 776 3816 833 passer

2195 859 2249 906 et
2278 852 2476 905 alauda
2507 852 2575 906 de
2599 859 2830 920 quatuor
2871 851 3156 908 elementis
3190 865 3383 907 omnes
3403 849 3531 906 iacti
3560 857 3706 916 sunt,
3740 857 3816 905 et

2195 939 2310 996 alas
2338 940 2544 996 habent
2568 941 2596 994 ?

2265 1030 2508 1083 Movsus
2521 1069 2536 1084 .
2573 1029 2771 1098 Utique
2793 1029 2946 1085 novi.

2269 1119 2520 1172 Paraus.
2555 1117 2652 1173 Dic
2683 1135 2818 1190 ergo
2849 1135 3041 1188 passer
3068 1125 3122 1174 et
3149 1116 3349 1172 alauda
3379 1132 3473 1173 cur
3502 1115 3641 1172 adeo
3675 1133 3810 1172 sur-

2196 1223 2314 1262 sum
2344 1205 2580 1261 volando
2609 1207 2936 1272 ascendunt,
2986 1223 3153 1262 anser
3193 1215 3380 1262 autem
3409 1213 3462 1261 et
3491 1203 3700 1277 gallina
3727 1206 3816 1260 si-

2195 1295 2393 1350 militer
2413 1297 2596 1350 facere
2628 1311 2734 1349 non
2759 1296 3030 1367 possunt?

2267 1403 2528 1457 Movsus.
2561 1399 2702 1470 Quia
2733 1410 2785 1458 et
2815 1402 2895 1457 illi
2935 1410 3059 1457 sunt
3088 1401 3244 1473 parvi
3285 1402 3554 1474 corporis,
3586 1410 3639 1459 et
3666 1401 3808 1458 ideo

2193 1500 2450 1569 leviores,
2501 1507 2554 1555 et
2601 1498 2688 1554 isti
2727 1500 2984 1570 majores,
3018 1509 3070 1556 et
3101 1508 3326 1572 prapter
3366 1501 3472 1557 hoc
3511 1500 3808 1573 pondero-

2194 1605 2368 1645 SlOl‘CS
2381 1629 2393 1642 .

2265 1682 2518 1738 Ps'rrws.
2568 1677 2624 1734 Si
2672 1696 2737 1734 ex
2776 1677 3072 1750 quantitate
3100 1678 3292 1734 levitas
3321 1678 3591 1750 provenit,
3620 1693 3805 1750 quare

2192 1773 2374 1828 vultur
2402 1773 2489 1829 vel
2518 1769 2701 1844 aquila
2730 1783 2856 1824 cum
2884 1767 3141 1822 omnibus
3172 1767 3257 1821 his
3289 1767 3464 1838 major
3490 1767 3580 1834 sit,
3613 1765 3802 1822 subli-

379 1921 388 1928 ἱ
475 1865 626 1904 mum
653 1848 896 1904 omnium
926 1856 979 1903 et
1007 1863 1041 1904 a
1071 1857 1296 1919 peccato
1349 1849 1769 1903 mundissimum
1802 1849 1918 1914 fuit,
1953 1856 2069 1904 sta-
2106 1865 2158 1924 Β
2191 1862 2330 1916 mins
2372 1863 2633 1918 omnibus
2685 1856 2922 1914 volando
2953 1856 3275 1912 conscendi;
3299 1859 3327 1912 εξ

2255 1972 2523 2025 Μογδεε.
2561 1967 2702 2036 Quia
2729 1964 2800 2020 de
2829 1962 3116 2018 elementis
3146 1962 3399 2018 subtilius
3425 1961 3796 2035 compositum

2185 2067 2269 2113 est
2297 2073 2495 2129 corpus
2509 2099 2524 2114 .

2257 2167 2509 2220 Parens.
2549 2163 2614 2218 Et
2635 2162 2763 2218 licet
2792 2161 2912 2216 ieve
2941 2160 3010 2215 sit
3037 2168 3086 2215 et
3121 2159 3336 2224 subtile,
3370 2157 3499 2230 quid
3530 2165 3612 2214 est
3641 2157 3791 2230 quod

2184 2270 2384 2324 corpus
2412 2253 2542 2308 illud
2577 2267 2802 2306 sursum
2833 2249 2960 2306 facit
2986 2248 3428 2305 condescendere
3456 2250 3484 2302 ‘2

2254 2363 2515 2414 Movsss.
2577 2357 2772 2414 Procul
2828 2356 2996 2411 dubio
3053 2353 3297 2424 spiritus,
3361 2353 3481 2409 sine
3539 2367 3788 2422 quonon

2185 2449 2358 2504 solum
2392 2464 2502 2502 non
2534 2447 2742 2514 volare,
2780 2445 2876 2500 sed
2908 2460 3009 2500 nec
3038 2443 3247 2499 moveri
3264 2450 3452 2514 posset
3485 2441 3785 2496 ullatenus.

2257 2557 2514 2610 Paravs.
2543 2553 2680 2609 Cum
2709 2552 2875 2623 igitur
2903 2551 3103 2606 Christi
3141 2565 3340 2619 corpus
3371 2556 3494 2619 post
3535 2563 3788 2604 resurre-

2185 2653 2417 2708 ctionem
2449 2651 2785 2707 levissimum
2815 2658 2869 2705 et
2900 2648 3315 2704 subtilissimum
3355 2646 3540 2712 fuerit,
3585 2645 3790 2717 quippe

2185 2758 2308 2798 cum
2341 2742 2395 2795 in
2425 2749 2600 2796 morte
2629 2755 2852 2796 omnem
2893 2737 3355 2808 ponderositatem
3385 2743 3440 2792 et
3472 2733 3789 2806 spissitudi-

2186 2847 2311 2886 nem
2341 2830 2603 2896 amiserit,
2643 2827 2809 2900 cujus
2838 2827 2919 2882 rei
2951 2833 3330 2898 argumentum
3360 2832 3443 2880 est
3472 2823 3616 2893 quod
3645 2823 3790 2878 ulte-
3847 2833 3852 2836 '

2185 2919 2299 2974 rius
2328 2934 2430 2975 nec
2458 2918 2581 2975 cibo
2611 2933 2711 2972 nec
2735 2923 2865 2987 potu
2919 2915 3182 2986 indiguit;
3217 2929 3363 2981 cum,
3405 2913 3646 2982 inquam,
3680 2911 3791 2967 tale

2189 3016 2367 3083 fuerit,
2401 3025 2451 3071 et
2483 3015 2751 3086 spiritum,
2801 3013 2855 3067 id
2887 3021 2971 3068 est
3016 3012 3255 3066 animam
3285 3027 3470 3066 secum
3504 3009 3787 3076 habuerit,

2189 3116 2241 3161 et
2270 3113 2530 3176 prreterea
2576 3103 2858 3168 deitatem,
2918 3118 3039 3171 quae
3067 3100 3319 3156 omnibus
3349 3098 3530 3155 carnis
3577 3098 3793 3169 spiriti-

467 3187 559 3271 Dei
577 3229 688 3286 quo
719 3213 882 3268 etiam
924 3227 1057 3284 rege
1087 3211 1192 3265 ista
1240 3210 1344 3264 nisi
1391 3211 1460 3266 de
1493 3210 1709 3266 Christo
1765 3212 1874 3268 dici
1910 3211 2077 3284 potuit

2205 3196 2296 3249 bus
2347 3196 2530 3264 Moyse
2581 3199 2876 3247 attestante
2918 3189 3236 3245 dominatur
3265 3197 3314 3244 et
3342 3187 3622 3259 praecellit,
3645 3203 3789 3242 nun-

478 3303 767 3376 prophetia
788 3302 816 3354 ‘2
838 3302 939 3356 Per
968 3300 1088 3355 dies
1126 3299 1326 3371 quippe
1361 3299 1528 3370 regis,
1563 3299 1842 3356 deﬁnitum
1875 3310 2086 3372 tempus

483 3408 592 3464 quo
621 3399 749 3447 ante
768 3389 1082 3462 passionem
1123 3387 1376 3442 Christus
1407 3387 1461 3442 in
1486 3389 1692 3443 mundo
1725 3389 1871 3454 vixit,
1903 3391 2083 3445 notari

472 3480 743 3553 Propheta
793 3478 1000 3545 voluit;
1047 3493 1150 3548 per
1176 3477 1295 3532 dies
1351 3485 1534 3531 autem
1567 3493 1708 3548 quos
1756 3494 1924 3549 super
1960 3479 2080 3534 dies

482 3577 632 3650 regis
661 3575 1012 3647 adjiciendos
1043 3591 1167 3630 esse
1211 3573 1372 3643 dixit,
1407 3589 1544 3646 quos
1592 3582 1646 3630 et
1673 3575 1790 3630 sine
1817 3575 2083 3630 determi-

471 3668 695 3724 natione
749 3668 946 3737 posuit,
1010 3673 1222 3734 tempus
1277 3671 1401 3734 post
1459 3663 1576 3731 ejus
1625 3666 2080 3720 resurrectionem

472 3755 758 3822 intellexit,
788 3753 935 3826 quod
964 3761 1018 3809 et
1047 3751 1154 3808 ﬁne
1175 3751 1474 3808 cariturum
1497 3768 1625 3807 esse
1661 3752 1924 3825 signavit,
1956 3769 2080 3808 cum

479 3847 710 3905 addidit:
725 3863 906 3905 annos
922 3847 974 3916 ei
981 3863 1043 3901 us
1057 3860 1228 3919 usque
1258 3845 1321 3900 in
1341 3845 1487 3900 diem
1521 3848 1906 3916 generationis
1926 3850 1982 3902 et
1997 3863 2083 3919 ge-

475 3934 821 3994 nerationis.
861 3935 920 3989 In
949 3933 1088 3988 Isaia
1120 3948 1338 4006 quoque
1371 3932 1612 4006 legitur:
1645 3933 1807 3990 Nunc
1849 3951 2083 3990 consur-

473 4043 623 4100 gam,
638 4026 776 4082 dicit
788 4024 1244 4090 Dominus,nunc
1255 4021 1740 4090 exaltabormunc
1754 4024 2082 4080 sublevabor

477 4118 612 4187 (ιω.
651 4115 870 4183 χχχιιι).
910 4113 976 4168 Et
1006 4112 1095 4168 hic
1151 4111 1254 4166 tria
1293 4110 1563 4165 Dominus
1609 4111 1838 4182 intelligi
1874 4113 2069 4168 voluit.

477 4203 638 4272 Quod
669 4202 830 4258 etiam
860 4202 970 4256 ait:
996 4201 1154 4256 Nunc
1185 4217 1540 4272 consurgam,
1577 4199 1644 4254 de.
1676 4201 2080 4256 resurrectione

477 4292 560 4348 sui
589 4291 850 4362 corporis,
880 4289 949 4344 de
980 4298 1156 4344 morte
1185 4289 1337 4353 dixit,
1385 4287 1531 4359 quod
1575 4296 1752 4342 autem
1783 4289 2032 4361 sequitur
2065 4308 2078 4344 :

481 4382 642 4438 Nunc
662 4378 977 4442 exaliabor,
1035 4377 1104 4432 de
1160 4393 1390 4432 ascensu
1439 4391 1536 4431 suo
1568 4375 1623 4430 in
1654 4377 1850 4432 caelum
1879 4378 2077 4444 intulit,

480 4469 702 4524 tertium
730 4482 876 4532 vero,
911 4466 1056 4536 quod
1087 4473 1198 4520 est:
1225 4467 1385 4522 Nunc
1415 4465 1849 4532 sublev.tbor,de
1871 4467 2081 4522 exalta-

478 4559 624 4615 tione
653 4565 708 4612 et
735 4555 910 4628 gloria
939 4555 996 4609 in
1018 4571 1078 4610 se
1101 4555 1443 4610 credentium
1475 4554 1704 4608 addidit.

552 4701 784 4756 Movsas
798 4739 812 4754 .
838 4697 1302 4770 Quandoquidem
1317 4696 1384 4751 de
1405 4695 1730 4752 ascensione
1743 4697 2076 4753 mentionem

477 4789 674 4854 fecisti,
704 4795 758 4845 et
799 4803 906 4861 ego
943 4785 1262 4856 jamdudum
1292 4785 1360 4840 de
1392 4786 1496 4841 hoc
1526 4801 1773 4856 quterere
1809 4785 2072 4857 disposui,

474 4904 623 4946 nunc
650 4887 721 4943 de
757 4901 844 4952 eo,
873 4883 920 4940 si
950 4883 1147 4956 placet,
1193 4881 1426 4954 qualiter
1473 4881 1679 4938 factum
1717 4883 1916 4939 credas
1943 4884 2075 4938 mihi

468 4985 690 5060 postulo
719 4981 1063 5055 responderi.
1123 4980 1378 5036 Prohibet
1420 4994 1657 5052 namque
1689 4980 1822 5036 ratio
1861 4981 2074 5052 ponde-

467 5101 654 5144 rosam
709 5099 826 5140 rem
886 5097 1054 5154 super
1111 5080 1287 5137 levem
1333 5079 1421 5136 vel
1463 5079 1760 5136 ascendere
1791 5080 1876 5136 vel
1905 5081 2072 5136 susti-

476 5185 596 5242 neri

525 5329 782 5384 Pramus.
835 5323 999 5380 Fides
1027 5319 1269 5394 profecto
1314 5337 1434 5376 mea
1471 5328 1550 5375 est
1581 5320 1726 5392 quod
1761 5320 1813 5376 in
1853 5320 2053 5378 coelum

465 5423 792 5489 ascenderit,
822 5421 991 5478 credo
1020 5421 1184 5476 etiam
1215 5419 1342 5492 quia
1387 5436 1500 5473 sure
1532 5419 1703 5474 virtus
1733 5421 2072 5490 omnipoten-

461 5515 553 5572 tite
581 5523 724 5568 tanta
760 5511 830 5566 sit
883 5509 1033 5581 quod
1072 5524 1400 5580 quocunque
1434 5509 1597 5564 modo
1643 5507 1842 5564 factum
1887 5508 2066 5572 fuerit,

462 5602 726 5673 possibile
759 5599 858 5654 fuit
880 5614 1005 5654 esse
1051 5611 1113 5652 ut
1167 5597 1396 5670 placuit.
1437 5594 1595 5665 Quod
1621 5598 1664 5651 si
1696 5597 1823 5652 inde
1854 5614 1973 5653 cum
2002 5597 2070 5651 li-

464 5700 572 5755 deli
605 5699 790 5768 aliquo
841 5711 1083 5768 agerem,
1135 5695 1287 5750 aliud
1328 5709 1461 5750 sane
1493 5709 1602 5749 non
1647 5695 2063 5766 reSponderem.

463 5786 607 5859 Quia
635 5801 766 5841 vero
786 5793 843 5838 tu
867 5782 1185 5839 incredulus
1208 5797 1291 5849 es,
1325 5790 1378 5840 et
1400 5782 1475 5837 nil
1505 5783 1606 5837 nisi
1637 5799 1893 5856 grossum
1918 5784 2070 5856 quid,

470 5883 524 5935 et
554 5874 700 5952 quod
733 5872 888 5950 quasi
909 5870 1125 5948 palpari
1145 5872 1316 5944 possit
1347 5870 1625 5944 intelligis,
1667 5871 1794 5929 ideo
1823 5871 2074 5946 aliquan-

2196 3285 2322 3356 quid
2350 3298 2458 3338 non
2491 3283 2541 3335 in
2573 3280 2793 3347 coelum,
2826 3295 2952 3336 cum
2983 3277 3202 3349 placuit,
3233 3277 3529 3334 ascendere
3559 3275 3730 3348 potuit
3758 3277 3792 3329 ἶ)

2191 3383 2324 3436 Item
2362 3381 2430 3434 de
2488 3379 2649 3444 Elia,
2709 3377 2862 3446 cujus
2917 3390 3114 3445 corpus
3144 3373 3344 3429 nullam
3403 3389 3503 3444 per
3559 3380 3791 3428 mortem

2192 3468 2547 3525 subtilitatem
2612 3465 2875 3536 suscepit,
2928 3471 2982 3518 et
3037 3471 3216 3518 tamen
3279 3477 3467 3518 coram
3522 3461 3793 3532 discipulo

2190 3573 2291 3613 suo
2313 3557 2494 3612 Eliseo
2525 3556 2578 3609 in
2605 3555 2773 3609 altum
2804 3553 3070 3616 ascendit,
3111 3552 3393 3622 quomodo
3423 3551 3604 3606 credis
3635 3550 3793 3606 ratio-

2191 3647 2442 3701 nabiliter
2473 3653 2525 3699 et
2555 3643 2854 3700 secundum
2885 3641 3171 3714 physicam
3204 3639 3399 3696 factum
3432 3639 3574 3695 fuit?

2261 3763 2517 3817 Movsss.
2564 3758 2715 3814 Elias
2763 3773 2894 3812 sane
2930 3757 3156 3811 multum
3181 3755 3470 3826 jejunavit,
3503 3763 3554 3811 et
3593 3770 3790 3826 parum

2189 3851 2444 3916 comedit,
2480 3849 2625 3904 unde
2657 3854 2710 3903 et
2739 3861 2943 3916 corpus
2973 3861 3130 3900 suum
3182 3845 3456 3900 levitatem
3486 3852 3541 3900 et
3569 3845 3790 3899 subtili-

2191 3948 2360 3995 tatem
2417 3946 2618 3994 tantam
2684 3935 2916 4006 accepit,
2979 3933 3121 4004 quod
3153 3949 3327 4003 usque
3356 3933 3412 3988 in
3435 3948 3620 3990 aerem
3649 3949 3790 3989 con-

2189 4027 2457 4085 scendere
2505 4025 2694 4098 potuit,
2731 4025 2824 4080 ubi
2871 4023 3036 4080 etiam
3085 4031 3140 4078 et
3168 4022 3352 4095 angeli
3400 4038 3522 4078 eum
3553 4037 3792 4094 accepe-

2189 4125 2336 4184 runt,
2370 4126 2424 4172 et
2481 4131 2588 4186 quo
2645 4115 2760 4170 Deo
2808 4111 3012 4184 placuit
3067 4111 3490 4182 deportaverunt
3530 4111 3626 4180 (IV
3650 4113 3780 4183 Reg.

2189 4227 2248 4282 ιι,
2283 4214 2379 4278 tv).

2262 4318 2525 4372 PETRUS.
2555 4315 2690 4371 Cum
2723 4329 2858 4386 ergo
2888 4329 3090 4385 corpus
3121 4312 3318 4367 Christi
3351 4319 3403 4367 et
3432 4327 3531 4384 per
3559 4318 3787 4366 mortem

2189 4406 2384 4463 subtile
2412 4405 2613 4461 factum
2641 4404 2729 4471 sit,
2763 4412 2816 4458 et
2845 4419 2945 4474 per
2975 4404 3078 4458 hoc
3107 4400 3251 4471 quod
3281 4409 3402 4472 post
3433 4401 3790 4456 resurrectio-

2188 4511 2314 4552 nem
2346 4493 2670 4550 necessitate
2726 4492 2908 4562 aliqua
2935 4506 3038 4547 nec
3094 4489 3447 4545 manducavit
3501 4504 3602 4545 nec
3632 4489 3784 4552 bibit,

2109 4583 2160 4643 D
2191 4589 2320 4660 quin
2377 4596 2428 4643 et
2473 4586 2691 4642 deitalis
2737 4584 3155 4656 plenitudinem,
3216 4598 3334 4656 quae
3368 4598 3532 4654 super
3559 4581 3788 4655 angelos

2187 4685 2271 4733 est
2297 4677 2351 4731 in
2385 4693 2442 4730 se
2472 4675 2740 4741 habuerit,
2774 4690 2891 4739 cur,
2935 4673 3071 4728 sicut
3101 4671 3365 4738 diximus,
3417 4670 3787 4727 conscendere

2185 4770 2239 4825 in
2275 4765 2474 4821 coelum
2505 4763 2792 4834 nequivit?
2839 4763 2948 4818 Sed
2978 4771 3031 4817 et
3061 4761 3194 4816 ratio
3244 4769 3328 4815 est
3355 4759 3501 4830 quod
3529 4759 3790 4816 ascende—

2184 4864 2272 4918 l‘it.
2306 4863 2361 4920 Si
2393 4863 2537 4918 enim
2585 4861 2786 4926 locum,
2829 4860 2883 4915 in
2914 4875 3022 4930 quo
3067 4860 3285 4930 Moyses
3325 4858 3502 4912 stabat
3531 4872 3653 4913 cum
3684 4855 3788 4911 sibi

2182 4953 2236 5007 in
2269 4953 2406 5008 rubo
2425 4951 2676 5023 apparuit
2707 4949 2971 5006 Dominus
2999 4957 3226 5020 propter
3271 4946 3611 5003 vicinitatem
3637 4961 3786 5001 suam

2181 5042 2326 5097 honr
2369 5040 2529 5096 unius
2585 5047 2836 5094 sanctum
2893 5037 3160 5093 Dominus
3217 5035 3458 5106 appellat
3489 5042 3542 5090 et
3566 5042 3788 5106 propter

2183 5136 2299 5205 ejus
2328 5134 2667 5192 sanctitatem
2705 5133 2878 5204 Moysi
2905 5131 3151 5204 imperat.
3199 5138 3256 5186 ut
3285 5146 3384 5186 sua
3419 5131 3790 5187 calceamenta

2181 5225 2374 5292 solvat,
2403 5224 2595 5279 dicens
2617 5241 2629 5278 :
2648 5224 2802 5280 Solve
2819 5223 3275 5278 ealceamentum
3295 5221 3362 5276 de
3378 5220 3626 5292 pedibus
3641 5219 3751 5274 tuis
3768 5239 3786 5274 :

2181 5317 2336 5372 locus
2355 5316 2508 5369 enim
2548 5314 2610 5368 in
2631 5327 2736 5383 quo
2767 5315 2888 5366 stas
2906 5315 3063 5366 terra
3097 5314 3308 5366 sancta
3331 5313 3419 5364 est
3455 5308 3658 5374 (Exod.
3688 5309 3786 5376 ιιι),

2179 5423 2382 5479 corpus
2449 5405 2652 5461 Christi
2701 5405 2756 5459 in
2817 5419 2925 5476 quo
2981 5403 3284 5459 divinitatis
3343 5401 3629 5473 plenitudo
3682 5415 3790 5456 non

2177 5503 2584 5561 momentaneo,
2627 5494 2724 5549 sed
2754 5493 3071 5564 perenniter
3122 5490 3407 5559 habitavit,
3456 5489 3702 5558 nunquid
3731 5489 3784 5543 in

2181 5585 2433 5640 sordibus
2463 5582 2647 5638 mundi
2678 5583 2836 5651 hujus
2860 5589 2984 5652 post
3006 5579 3469 5638 resurrectionem
3501 5592 3782 5633 remanere

2181 5678 2368 5734 debuit
2401 5679 2430 5732 ?
2479 5677 2594 5732 [mo
2616 5675 2782 5744 justa,
2817 5682 2876 5730 ut
2897 5673 3152 5739 diximus,
3199 5672 3429 5738 ratione,
3453 5686 3582 5728 eum
3612 5673 3777 5726 desa-

2181 5767 2306 5834 ruit,
2331 5773 2663 5835 sursumque
2691 5764 2744 5819 in
2775 5763 2974 5821 omium
3005 5761 3350 5820 conscendit.

2253 5873 2502 5930 Mersus.
2559 5875 2763 5944 Aperta
2805 5869 2990 5942 quiem
3045 5869 3252 5926 ratione
3299 5868 3402 5926 hoc
3429 5866 3696 5942 probasti,
3727 5876 3779 5925 et
