3966 6412
130 389 233 444 653

1720 419 2023 481 DIALOGI

3419 445 3521 501 654

135 514 519 611 bonasimilia
549 527 891 589 induxisti.
922 537 1031 592 Sed
1052 539 1250 608 poterit
1278 538 1451 611 aliqua
1483 540 1551 595 de
1574 556 1809 598 ascensu
1840 549 1896 609 Α

139 604 255 673 ejus
282 607 340 663 iu
370 616 689 685 prophetis
725 604 1309 681 auctoritas—inveniri
1339 627 1367 681 ‘2

224 732 470 791 Penus.
505 740 736 798 Poterit
772 747 1000 818 utique.
1057 751 1116 803 In
1152 750 1350 805 Genesi
1375 767 1611 825 namque
1669 754 1812 826 legi-

170 846 290 885 mus
333 833 649 893 Dominum
707 858 895 913 super
926 846 1028 901 hoc
1066 846 1304 903 locutum
1329 848 1497 903 fuisse
1536 851 1603 904 ad
1632 852 1811 905 Abra-

180 920 319 987 ham,
341 922 469 979 licet
501 929 758 985 occulte.
798 933 1078 1003 Scriptum
1124 936 1268 989 enim
1298 946 1381 990 est
1411 956 1429 991 :
1452 939 1812 1009 Etproduxit

186 1011 347 1066 illum
360 1016 536 1083 foras,
554 1022 611 1071 et
628 1019 798 1073 dixit
826 1023 959 1075 illi:
987 1025 1181 1094 Aspice
1200 1027 1259 1078 in
1278 1027 1479 1080 caelum
1496 1032 1550 1081 et
1571 1045 1808 1084 numera

188 1101 400 1169 stellas,
421 1106 471 1158 si
488 1108 712 1175 poteris
726 1108 1279 1167 dinumerareillas.
1301 1114 1365 1167 Et
1381 1116 1535 1169 dixit
1551 1133 1562 1168 :
1577 1116 1665 1170 Sic
1696 1120 1807 1172 erit

189 1204 377 1244 semen
394 1195 584 1248 tuum.
606 1196 675 1249 Et
688 1198 948 1252 credidit
965 1200 1241 1254 Abraham
1254 1203 1443 1267 Deo,et
1457 1205 1805 1260 a’stimatum

187 1282 271 1363 est
290 1279 379 1363 illi
420 1288 493 1335 ad
517 1283 827 1352 justitiam
850 1288 1015 1351 (Gen.
1050 1294 1164 1355 xv).
1198 1289 1306 1343 Sed
1362 1292 1470 1357 dic,
1502 1306 1534 1345 o
1565 1293 1800 1363 Moyses,

186 1361 320 1431 quid
350 1373 440 1416 est
471 1368 621 1435 quod
645 1370 1037 1439 ait,produ.rit
1064 1373 1394 1441 illum/bras
1415 1376 1442 1427 ‘2
1464 1375 1642 1443 Quare
1658 1361 1801 1431 enim

185 1449 292 1505 hoc
319 1450 447 1506 fecit
488 1455 517 1505 ‘2
566 1456 827 1527 Nunquid
891 1458 1033 1514 intus
1085 1468 1144 1514 ut
1188 1461 1319 1515 {oris
1374 1464 1644 1517 Abraham
1693 1482 1800 1520 non

181 1540 424 1603 sciebat,
489 1544 637 1613 quod
668 1545 864 1600 stellas
921 1563 1210 1603 numerare
1242 1566 1347 1603 non
1406 1560 1614 1621 poterat
1646 1554 1673 1605 ‘2
1708 1554 1800 1609 Vel

178 1638 447 1707 nunquid
480 1640 630 1695 Deus
655 1643 701 1695 si
734 1642 903 1697 vellet
944 1644 1085 1698 intus
1135 1646 1185 1699 ei
1208 1655 1264 1701 ut
1310 1646 1444 1702 foris
1473 1650 1617 1719 quod
1666 1651 1800 1705 dixit

175 1724 380 1780 dicere
440 1744 552 1782 non
582 1730 793 1785 valeret
823 1731 851 1785 7
882 1734 1038 1794 Item,
1071 1748 1193 1788 cum
1224 1736 1319 1799 ait,
1352 1737 1431 1792 sic
1461 1740 1570 1792 erit
1609 1756 1798 1794 semen

174 1818 380 1883 tuum,
419 1833 589 1887 quare
618 1834 726 1873 non
786 1820 942 1885 dixit,
975 1822 1170 1876 faciam
1228 1840 1414 1877 semen
1474 1834 1626 1879 tuum
1659 1828 1797 1882 sicut

169 1902 382 1957 stellas
418 1905 565 1970 εαξη,
599 1906 644 1959 si
675 1917 858 1977 potest
890 1909 1009 1979 quis
1029 1910 1383 1967 dinumerare
1415 1914 1598 1967 stellas
1648 1916 1791 1980 cuili,
1824 1902 1875 1961 Β

167 1998 229 2043 et
298 2008 499 2047 semen
560 2003 709 2048 tuum
750 1997 1198 2065 dinumerabitur,
1259 2003 1710 2071 quemadmodum
1744 2014 1794 2059 et

164 2087 312 2142 alibi
343 2089 483 2145 dicit
524 2108 535 2144 :
570 2093 800 2148 Faciam
831 2111 1021 2149 semen
1057 2101 1221 2151 tuum
1254 2102 1525 2169 tanquam
1559 2117 1794 2157 arenam

161 2179 388 2243 maris,
423 2179 472 2231 si
502 2184 683 2250 potest
716 2182 843 2251 quis
866 2182 1227 2239 dinumerare
1258 2202 1491 2241 arenam
1526 2190 1795 2255 maris,et

158 2280 374 2320 semen
396 2271 566 2323 tuum
583 2267 1042 2325 dinumerabitur
1098 2277 1121 2326 γ

240 2390 505 2444 Movsas.
539 2391 596 2446 In
629 2393 733 2447 hoc
762 2401 910 2449 certe
960 2394 1105 2449 aliud
1138 2396 1345 2464 nescio,
1406 2397 1508 2452 nisi
1540 2398 1664 2470 quia
1713 2402 1791 2456 sic

157 2477 370 2533 dicere
403 2479 611 2550 placuit
642 2482 758 2537 Deo
773 2523 786 2536 .

244 2602 497 2657 PETRUS.
522 2604 852 2660 Sermonem
884 2606 1086 2678 quippe
1116 2610 1239 2664 volo
1270 2617 1439 2666 totum
1488 2613 1783 2685 intelligas,

156 2697 217 2743 et
255 2690 415 2761 quod
449 2692 680 2746 verbum
706 2693 929 2765 aliquod
981 2704 1186 2751 temere
1220 2698 1503 2769 Scriptura
1527 2717 1635 2755 non
1695 2718 1790 2772 po-

156 2786 283 2840 suit
306 2786 486 2842 scias.
505 2787 662 2857 Quod
696 2790 878 2860 itaque
910 2792 1179 2862 scriptum
1204 2803 1306 2859 est,
1326 2798 1599 2867 produxit
1619 2800 1787 2853 illum

154 2877 361 2944 foras,
382 2876 598 2931 duabus
619 2878 687 2931 de
718 2879 902 2933 causis
929 2897 957 2933 a
991 2882 1224 2937 Domino
1280 2884 1483 2939 factum
1539 2894 1640 2941 est.
1671 2889 1787 2942 Una

157 2962 430 3033 quidem,
466 2972 527 3019 ut
556 2966 605 3020 ei
635 2966 760 3021 cceli
792 2966 973 3023 locum
1004 2972 1333 3042 ostenderet,
1381 2975 1525 3045 quod
1558 2991 1657 3044 per
1686 2981 1788 3032 hoc

154 3051 530 3124 designatur,
565 3055 711 3124 quod
743 3064 827 3110 est
858 3060 1046 3128 aspice
1081 3061 1282 3116 cadum
1316 3065 1475 3130 (Gen.
1509 3064 1585 3131 v).
1609 3063 1787 3118 Altera

156 3156 305 3194 vero
341 3148 403 3195 ut
432 3141 716 3197 stellarum
750 3143 1167 3212 multitudinem,
1203 3158 1255 3203 et
1283 3151 1385 3206 hoc
1415 3159 1494 3205 est
1526 3152 1669 3221 quod
1699 3152 1786 3206 di-

157 3237 528 3299 cit,numera
547 3240 771 3302 stellas,
785 3242 836 3295 si
848 3243 1059 3312 poteris
1072 3244 1434 3302 dinumerare
1457 3248 1780 3316 illas.Quod
1813 3253 1859 3313 ί]

151 3334 363 3380 autem
394 3326 675 3397 sequitur:
701 3329 783 3384 sic
812 3330 922 3383 erit
954 3348 1146 3387 semen
1185 3338 1367 3401 tuum,
1402 3336 1456 3388 in
1514 3338 1779 3393 Hebraieo

152 3414 402 3483 quidem
435 3416 652 3484 ponitur
691 3416 803 3470 tale
832 3418 1058 3473 verbum
1094 3422 1237 3491 quod
1281 3422 1334 3475 in
1366 3425 1553 3479 Latino
1584 3430 1639 3480 et
1672 3426 1779 3484 huc

155 3502 356 3556 reddit
386 3508 443 3558 et
463 3504 566 3569 sic,
600 3519 667 3559 eo
695 3505 906 3561 scilicet
964 3510 1111 3578 quod
1136 3518 1189 3565 et
1218 3510 1397 3566 locum
1446 3523 1492 3567 et
1528 3514 1781 3568 similitu-

154 3591 361 3645 dinem
391 3590 684 3661 signiﬁcat.
729 3593 787 3648 Si
817 3595 960 3648 enim
988 3597 1095 3651 tale
1154 3615 1356 3667 ponere
1390 3602 1570 3664 vellet,
1632 3603 1777 3673 quod

158 3678 366 3734 locum
423 3681 799 3735 tantummodo
850 3683 1201 3755 significaret,
1233 3699 1368 3754 run,
1432 3691 1641 3756 henna,
1684 3691 1778 3745 uti-

159 3783 279 3835 que
314 3767 530 3823 diceret
559 3788 578 3823 :
609 3769 654 3822 si
684 3785 819 3825 vero
848 3772 955 3826 tale
987 3774 1133 3843 quod
1165 3776 1340 3829 solum
1371 3779 1451 3832 sic
1500 3779 1773 3845 redderet,

156 3866 304 3919 ΠΩ),
331 3857 530 3921 cacha,
564 3857 979 3927 posuisset.Per
1013 3862 1113 3917 hoc
1142 3861 1467 3936 igiturquod
1500 3866 1572 3921 ibi
1604 3879 1775 3933 n3,co

159 3939 378 4008 posuit,
411 3941 593 3995 notari
639 3941 813 3996 voluit
853 3953 901 3998 et
929 3944 1130 4015 locum,
1164 3948 1219 4000 in
1250 3965 1355 4019 quo
1388 3950 1626 4004 futurum
1657 3960 1775 4006 erat

1925 608 2143 663 semper
2170 594 2442 663 credulus,
2476 596 2659 663 fuerit,
2691 614 2787 656 cur
2816 600 2952 658 sicut
2982 604 3038 658 in
3072 605 3196 662 aliis
3219 623 3383 681 super
3411 611 3517 669 hoc

1928 689 2110 755 tacuit,
2144 691 2397 747 similiter
2418 709 2525 749 non
2557 696 2727 750 tacuit
2756 707 2808 751 et
2840 699 2928 755 hic
2959 701 2988 756 τ

1994 792 2239 847 Movsas.
2280 792 2503 862 Nescio,
2539 798 2633 851 sed
2663 799 2740 855 sic
2771 800 2918 856 dicit.

1993 886 2234 941 Paraus.
2275 889 2525 962 Nunquid
2560 909 2665 948 non
2697 910 2865 964 supra
2894 896 3154 967 diximus,
3207 903 3351 974 quod
3385 922 3514 961 ver-

1921 982 2043 1036 bum
2076 984 2300 1055 aliqmd
2333 995 2533 1043 temere
2566 990 2845 1062 Scriptura
2877 1010 2984 1049 non
3013 994 3194 1066 posuit
3223 1002 3252 1052 ‘2

1984 1086 2238 1142 Movsus.
2281 1088 2376 1144 Dic
2406 1106 2537 1161 ergo
2559 1099 2632 1159 tu,
2668 1110 2837 1164 quare
2870 1096 2972 1152 hoc
3000 1098 3219 1154 dixerit.

1986 1199 2218 1254 Psrnus.
2255 1202 2499 1259 Profecto
2529 1206 2654 1277 quia
2703 1217 2895 1264 contra
2950 1228 3104 1267 usum
3160 1223 3280 1270 erat
3318 1224 3372 1273 et
3418 1218 3501 1274 in-

1913 1297 2190 1351 credibilis
2230 1298 2322 1354 illa
2370 1303 2680 1371 promissio,
2734 1306 2803 1361 de
2844 1323 3075 1365 ascensu
3132 1314 3355 1370 seminis
3410 1318 3501 1373 sui

1909 1382 1960 1436 in
1992 1386 2207 1453 oculum,
2244 1387 2367 1443 ideo
2398 1390 2614 1445 additur
2668 1394 2737 1447 ab
2768 1398 3159 1455 ostendendam
3204 1402 3326 1470 ejus
3380 1420 3483 1461 san

1910 1473 2150 1528 ctitatem
2183 1493 2195 1528 :
2236 1476 2775 1537 CrediditAbraham
2802 1485 2925 1539 Deo.
2959 1486 3099 1556 Quia
3154 1506 3308 1558 vero,
3368 1509 3492 1550 cum

1910 1585 2017 1623 non
2046 1570 2185 1626 foret
2215 1574 2410 1629 mirum
2441 1577 2484 1629 si
2504 1577 2797 1647 dubitaret,
2830 1597 2936 1638 non
2971 1592 3148 1641 tamen
3204 1588 3491 1656 dubitavit,

1907 1658 2003 1711 sed
2035 1661 2280 1728 credidit,
2313 1663 2440 1718 ideo
2471 1667 2735 1736 sequitur,
2755 1674 2810 1724 et
2826 1672 3172 1730 wstimatum
3201 1679 3395 1735 estilli
3417 1682 3495 1735 ad

1905 1748 2215 1811 iustitiam.
2247 1751 2350 1805 Sed
2383 1762 2430 1805 et
2454 1754 2625 1808 David
2646 1756 2696 1809 in
2721 1758 2930 1827 psalmo
2948 1761 3015 1815 de
3039 1762 3241 1818 Christi
3261 1782 3493 1825 ascensu

1908 1842 2157 1913 loquitur,
2191 1862 2312 1901 cum
2345 1848 2506 1903 refert
2545 1853 2689 1921 quod
2722 1854 2789 1907 de
2820 1856 3026 1912 semine
3074 1875 3174 1914 suo
3203 1875 3236 1914 a
3257 1862 3489 1921 Domino

1907 1934 2237 1999 promittitur
2268 1952 2279 1991 :
2304 1937 2525 2004 Semen,
2559 1939 2749 2011 inquit,
2773 1945 2898 2013 ejus
2918 1945 2981 1999 in
2996 1951 3276 2004 wlernum
3306 1967 3495 2010 mane-

1902 2019 2001 2086 bit,
2035 2031 2089 2076 et
2112 2025 2351 2079 thronus
2380 2028 2503 2097 ejus
2551 2029 2699 2084 sicut
2716 2032 2799 2085 sol
2828 2032 2891 2086 in
2925 2040 3234 2106 conspectu
3254 2055 3397 2106 meo,
3431 2048 3489 2097 et

1901 2117 2049 2171 sicut
2071 2117 2209 2173 luna
2233 2124 2482 2190 perfecta
2523 2126 2583 2178 in
2609 2130 2912 2193 retentum,
2945 2134 3002 2185 et
3054 2134 3211 2188 testis
3232 2137 3295 2190 in
3350 2140 3485 2195 creto

1898 2206 2081 2273 [idolis
2113 2223 2330 2277 semper
2359 2211 2534 2277 (Psal.
2567 2217 3010 2285 Lxxxvm).llaec
3039 2230 3221 2275 autem
3255 2226 3489 2293 promis-

1900 2292 1981 2347 sio
2008 2294 2174 2350 luitne
2222 2297 2364 2352 facta
2394 2308 2615 2369 propter
2655 2304 2891 2374 aliquem
2921 2306 2990 2361 de
3048 2292 3267 2366 semine,
3310 2313 3486 2371 David

1898 2389 2094 2450 praeter
2121 2383 2411 2451 Christum,
2447 2402 2517 2441 an
2548 2388 2615 2443 de
2647 2391 2861 2447 Christo
2884 2394 3060 2449 solum
3086 2397 3113 2449 ‘2

1968 2488 2211 2544 Movsas.
2263 2491 2395 2545 Cum
2423 2494 2553 2548 mihi
2608 2496 2815 2551 nullum
2849 2508 3033 2571 surgat
3079 2504 3389 2573 proﬁcuum
3420 2524 3487 2565 ex

1898 2578 2340 2644 contradicendo,
2399 2597 2597 2637 revera
2672 2594 2897 2656 propter
2951 2588 3227 2647 Christum
3283 2593 3488 2653 factam

1898 2665 2064 2720 fuisse
2095 2682 2202 2721 non
2232 2669 2466 2740 abnego.
2492 2671 2624 2727 Inde
2655 2674 2797 2728 enim
2829 2688 3215 2746 argumentum
3246 2686 3488 2757 estquod

1894 2761 2310 2829 promissionem
2331 2765 2501 2833 illam,
2535 2784 2656 2838 quae
2687 2770 2859 2824 David
2889 2788 2920 2826 a
2952 2774 3181 2832 Domino
3210 2778 3351 2836 facta
3380 2791 3482 2852 est,

1895 2848 1964 2903 de
1992 2850 2199 2906 semine
2221 2867 2318 2906 suo
2348 2853 2457 2909 alio
2486 2872 2645 2926 quam
2672 2857 2739 2911 de
2782 2859 2995 2916 Christo
3024 2865 3310 2923 comitatur
3338 2848 3482 2926 sem;

1894 2952 1993 3007 per
2020 2939 2281 3004 conditio,
2307 2941 2448 2997 sicut
2478 2943 2531 2997 in
2555 2944 2696 2999 libro
2728 2946 2936 3018 Regum
2967 2950 3274 3009 invenimus
3304 2960 3481 3027 tertio,

1894 3035 2036 3105 quod
2070 3037 2265 3100 David,
2315 3052 2436 3093 cum
2463 3038 2582 3107 jam
2610 3044 3108 3117 appropinquarent
3146 3052 3263 3108 dies
3292 3056 3487 3112 mortis

1893 3138 2023 3185 sua},
2050 3124 2329 3196 castigans
2371 3126 2717 3183 Salomonem
2773 3129 2963 3201 ﬁlium,
2997 3136 3164 3209 inquit
3213 3141 3282 3195 ad
3313 3150 3437 3198 eum
3472 3170 3486 3210 ;

1896 3218 2225 3288 Con/artare
2261 3224 2316 3275 et
2348 3226 2461 3277 esto
2492 3224 2598 3291 vir,
2632 3234 2759 3292 elc.,
2784 3229 3075 3303 statimque
3134 3250 3358 3291 causam
3390 3254 3489 3295 cur

1892 3322 2011 3359 eum
2045 3307 2362 3378 castigaret,
2389 3311 2952 3379 adjunxit,dicens:Si
2984 3322 3483 3397 custodierintﬁlii

1888 3395 1973 3448 tui
2004 3397 2149 3448 viam
2178 3413 2382 3459 meam,
2406 3403 2461 3453 et
2477 3401 3100 3463 ambulaverintcoram
3131 3427 3221 3466 me
3250 3414 3312 3467 in
3342 3395 3479 3471 ueri-

1895 3486 2017 3537 tate
2037 3484 2098 3536 in
2119 3489 2233 3539 toto
2250 3486 2411 3541 corde
2431 3503 2550 3553 suo,
2583 3492 2713 3544 etin
2729 3492 3089 3553 omnianima
3102 3514 3224 3565 sua,
3244 3518 3358 3558 non
3387 3522 3488 3561 au-

1884 3573 2105 3639 feretur
2118 3573 2217 3627 tibi
2235 3576 2320 3628 vir
2335 3574 2401 3629 de
2414 3578 2549 3632 solio
2594 3578 2882 3651 Israel(lll
2893 3584 3019 3654 Reg.
3041 3587 3128 3651 ιι).
3188 3574 3483 3650 Promissio

1885 3668 2063 3713 autem
2092 3660 2202 3729 illa,
2253 3679 2372 3733 quae
2402 3664 2505 3718 sibi
2560 3665 2629 3722 de
2658 3667 2874 3724 Christo
2902 3679 2985 3726 est
3032 3672 3190 3742 facta,
3225 3678 3325 3733 etsi
3381 3680 3480 3737 ﬁlii

1887 3747 1958 3799 tui
1981 3759 2274 3817 peccarent
2315 3752 2498 3823 utique
2525 3755 2864 3823 punirentur,
2918 3760 3016 3816 sed
3047 3771 3225 3820 tamen
3255 3770 3488 3838 promit-

1886 3835 2010 3888 titur
2042 3854 2168 3891 esse
2197 3840 2696 3909 complenda,sicut
2725 3844 2779 3898 in
2799 3848 2993 3902 eodem
3025 3850 3226 3922 legitur
3241 3835 3484 3925 psalmo:

1886 3924 1941 3979 Si
1971 3928 2162 3979 autem
2196 3925 2607 3999 dereliquerint
2623 3932 2734 4000 ﬁlii
2758 3934 2878 4004 ejus
2896 3937 3073 4008 legem
3117 3924 3322 4009 meam,
3346 3948 3486 4003 etin

161 4028 408 4084 Abram,
425 4045 637 4095 semen,
663 4030 911 4086 Christus
943 4033 1193 4090 videlicet
1232 4046 1352 4106 post
1381 4054 1538 4092 suam
1567 4055 1771 4095 ascen-
1870 4022 2107 4091 judiciis
2142 4025 2279 4079 meis
2302 4041 2417 4080 non
2456 4029 2894 4101 ambulaverint,
2930 4036 2981 4088 si
3010 4037 3280 4105 justitias
3326 4060 3481 4101 mea:

163 4116 408 4184 sionem,
433 4126 489 4171 et
516 4118 690 4188 ipsius
725 4120 948 4175 seminis
978 4123 1399 4179 multitudinem.

237 4237 492 4291 Morsas.
525 4237 663 4292 Illud
696 4238 813 4293 scio
845 4254 948 4311 ego
982 4242 1128 4311 quod
1173 4260 1235 4299 co
1266 4244 1563 4312 Hebraice,
1588 4247 1773 4302 Latine

165 4326 252 4380 sic
273 4324 497 4392 reddat,
528 4326 624 4381 sed
656 4342 929 4398 nusquam
963 4338 1094 4400 puto
1118 4333 1302 4388 locum
1333 4332 1626 4405 signiﬁcat.

241 4450 488 4503 Paraus.
531 4450 680 4505 Facit
709 4451 933 4523 utique:
969 4454 1029 4507 In
1060 4455 1257 4510 Exodo
1305 4473 1538 4529 namque
1571 4458 1772 4531 legitur

169 4546 241 4601 de
256 4548 447 4617 Moyse
469 4548 613 4618 quod
639 4549 782 4603 vidit
817 4550 995 4605 virum
1017 4553 1339 4623 ngyptium
1352 4557 1767 4626 percutientem

172 4635 455 4707 quemdan
467 4636 533 4690 de
548 4636 788 4691 Hebraeis
798 4641 1077 4707 fratribus
1089 4643 1228 4695 suis.
1257 4643 1497 4715 Cumque
1516 4644 1765 4699 circum-

174 4724 575 4795 spexissethuc
596 4729 764 4797 atque
784 4727 1284 4799 illuc,nullumque
1306 4732 1497 4785 adesse
1517 4732 1765 4801 vidisset,

173 4827 508 4883 percussum
538 4814 860 4884 Egyptium
887 4815 1179 4872 abscondit
1206 4818 1401 4873 sabulo
1435 4820 1636 4887 (Exod.
1671 4822 1758 4890 ιι).

180 4907 283 4962 Ubi
313 4907 455 4961 enim
487 4908 596 4964 huc
622 4910 953 4979 atqueilluc
982 4911 1225 4981 ponitur,
1266 4929 1324 4966 ιιι
1354 4915 1626 4970 Hebraico
1645 4917 1768 4987 qui-

182 4996 301 5050 dem
321 4996 569 5052 invenies
602 5001 733 5051 coet
751 5013 837 5053 co.
876 4999 985 5053 Sed
1039 4999 1107 5053 ad
1127 5000 1291 5068 hujus
1322 5005 1605 5059 sententiae
1649 5020 1771 5060 coa-

186 5082 538 5140 ﬁrmationem
560 5085 807 5156 sequitur
835 5087 888 5139 in
919 5087 1112 5143 eodem
1148 5106 1161 5142 :
1199 5090 1452 5145 Credidit
1486 5093 1770 5149 Abraham

188 5185 304 5248 Deo,
330 5190 385 5239 et
412 5185 771 5240 aestimatum
795 5189 877 5241 est
903 5187 995 5241 illi
1013 5187 1393 5256 adjustitiam
1438 5191 1601 5259 (Gen.
1632 5196 1759 5259 xv).

189 5271 350 5338 Quare
381 5271 529 5327 enim
559 5272 616 5326 in
644 5271 750 5327 hac
776 5274 1141 5343 promissione
1195 5276 1438 5331 credidit
1477 5278 1769 5335 Abraham

191 5360 283 5416 Deo
306 5361 428 5432 plus
486 5375 658 5432 quam
706 5359 758 5413 in
815 5361 935 5417 aliis
989 5364 1442 5434 promissionibus
1498 5384 1621 5438 quae
1667 5369 1770 5423 sibi

187 5448 320 5507 factae
350 5458 479 5506 sunt
512 5464 547 5503 a
568 5449 691 5503 Deo
717 5449 745 5500 ‘2

242 5574 491 5628 Marses.
532 5570 597 5622 In
630 5568 881 5624 omnibus
908 5571 1153 5642 profecto
1192 5572 1439 5641 credidit,
1473 5575 1562 5649 qui
1584 5575 1771 5633 incre-

177 5663 317 5721 dulus
346 5672 646 5730 nunquam
679 5654 794 5713 fuit.

232 5790 476 5844 Persas.
516 5778 589 5832 Et
621 5790 791 5846 quare
820 5778 875 5832 in
906 5779 1135 5854 singulis
1167 5784 1631 5853 promissionibus
1662 5804 1768 5844 non

167 5886 285 5947 dicit
312 5879 618 5951 Scriptura
643 5872 768 5945 quia
780 5876 1018 5933 credidit
1034 5881 1165 5953 Deo,
1189 5879 1334 5937 sicut
1362 5883 1447 5940 hic
1480 5899 1496 5956 ;
1529 5885 1615 5942 vel
1645 5900 1770 5943 cum

1876 4114 2331 4180 profanaverint,
2364 4119 2419 4169 et
2450 4118 2729 4173 mandata
2758 4136 2884 4176 mea
2936 4139 3052 4180 non
3087 4130 3476 4202 custodierint,

1879 4208 2115 4263 visitabo
2150 4210 2213 4263 in
2244 4211 2399 4282 virga
2429 4212 2765 4286 iniquitates
2795 4233 3009 4288 eorum,
3053 4228 3109 4278 et
3139 4226 3202 4280 in
3244 4230 3479 4288 verberi-

1880 4295 1981 4350 bus
2022 4302 2259 4367 pcccata
2291 4316 2483 4356 eorum.
2515 4322 2534 4367 ;
2563 4305 3014 4365 misericordiam
3061 4317 3253 4369 autem
3294 4334 3480 4377 meam

1878 4401 1992 4439 non
2014 4385 2333 4457 dispergam
2363 4389 2430 4443 ab
2472 4406 2555 4455 eo,
2589 4396 2647 4445 et
2677 4410 2800 4463 qua:
2851 4400 3163 4468 procedunt
3205 4405 3272 4461 de
3312 4408 3475 4467 labiis

1878 4475 2040 4540 meis,
2064 4491 2180 4528 non
2209 4476 2423 4544 faciam
2456 4478 2832 4549 irrita(Psal.
2862 4492 3154 4559 Lxxxvm).

1954 4561 2191 4615 Parnus.
2228 4563 2371 4617 Bene
2402 4564 2610 4633 dixisti,
2661 4579 2715 4623 et
2748 4570 2887 4627 bene
2914 4574 3224 4646 Scripturas
3268 4582 3474 4641 intelli-

1881 4664 2014 4720 gere
2046 4656 2096 4703 te
2125 4649 2606 4719 demonstrasti,et
2626 4660 2953 4715 contrarium
2982 4664 3190 4721 nullum
3214 4674 3464 4740 posuisti.

1877 4737 1982 4791 Sed
1997 4737 2243 4793 Christus
2262 4743 2535 4810 quomodo
2548 4745 2905 4804 inmternum
2920 4737 3298 4822 manebit,nisi
3322 4761 3471 4818 Deus

1878 4826 2000 4891 erit,
2028 4827 2336 4884 etthronus
2353 4832 2476 4898 eius
2518 4834 2667 4888 sicut
2682 4836 2765 4889 sol
2798 4837 2883 4891 vel
2921 4839 3059 4895 luna
3088 4844 3151 4897 in
3178 4858 3478 4920 conspectu

1878 4915 2096 4968 Domini
2126 4917 2248 4980 erit,
2282 4926 2333 4970 et
2361 4917 2479 4988 ipse
2503 4922 2664 4976 testis
2693 4925 2753 4977 in
2768 4927 2903 4981 caelo
2932 4927 3117 4995 ﬁdelis
3130 4915 3477 5006 semper,nisi

1874 5012 1928 5066 in
1946 5003 2084 5059 cmlo
2109 5004 2177 5058 sit
2204 5006 2232 5057 ἢ
2257 5004 2527 5062 Christum
2576 5007 2755 5082 itaque
2807 5013 3105 5073 Psalmista
3165 5020 3219 5076 in
3251 5003 3477 5083 “omium

1877 5088 1991 5145 fore
2046 5106 2402 5148 ascensurum
2472 5096 2803 5170 designavit.
2882 5103 2997 5161 Hoc
3051 5115 3231 5165 autem
3292 5114 3478 5174 facere

1878 5179 2163 5250 quisquam
2192 5190 2248 5235 ut
2275 5183 2554 5239 credimus
2610 5203 2721 5243 non
2754 5202 2962 5260 posset,
3024 5195 3131 5251 nisi
3160 5207 3213 5254 et
3243 5202 3390 5259 Deus
3420 5214 3475 5262 et

1878 5268 2040 5323 homo
2074 5277 2242 5324 esset.

1945 5358 2190 5415 Morsas.
2225 5359 2511 5417 Sermonis
2535 5363 2782 5435 profecto
2809 5370 2944 5426 mihi
2976 5373 3190 5431 videtur
3210 5378 3292 5435 sic
3307 5380 3475 5456 exigit

1876 5446 2017 5501 ordo
2030 5487 2043 5500 .

1949 5535 2195 5589 Parnus.
2227 5537 2359 5591 Item
2392 5538 2565 5595 David
2595 5540 2729 5596 alibi
2765 5543 2818 5598 in
2852 5549 3064 5617 psalmo
3120 5553 3188 5611 de
3218 5557 3414 5616 eodem
3454 5577 3467 5617 :

1878 5623 2336 5694 Exsurge,gloria
2346 5642 2493 5697 mea,
2510 5644 2772 5700 exsurge,
2785 5638 3131 5703 psalterium
3151 5649 3207 5699 et
3224 5647 3472 5720 cithara,

1879 5727 2189 5783 exsurgam
2216 5714 2780 5774 diluculo.Ea:altare
2809 5738 2981 5795 super
3007 5732 3192 5800 caelos,
3225 5737 3393 5807 Deus,
3420 5714 3478 5795 et

1876 5814 2045 5902 super
2061 5806 2821 5902 omngnlerramgloriaiua
2838 5811 3261 5886 (Psal.t.v1).Hic
3278 5827 3478 5902 quippe

1874 5887 2049 5945 David
2097 5898 2151 5944 et
2178 5890 2380 5949 Christi
2427 5895 2888 5957 resurrectionem
2918 5901 3176 5985 insinuat,
3202 5917 3261 5969 et
3290 5887 3481 5979 isién-
