3966 6394
528 415 632 469 655

1461 409 1663 465 PETRI
1701 407 2042 464 ALPHONSI
2087 407 2181 462 EX
2219 409 2457 467 ΠΗ).Εο
2497 413 2892 470 CHRISTIANI

3742 420 3849 473 656

535 538 766 602 sionem,
793 543 848 591 et
876 535 1126 608 quaedam
1173 533 1301 589 alia.
1338 533 1497 602 Quod
1528 534 1674 588 enim
1697 533 1772 588 ait
1800 553 1818 589 :
1851 535 2124 604 Exsurge,
2158 537 2206 594 Α
2241 536 2558 594 servitutem
2589 539 2691 610 ipsi
2723 539 3007 611 promittit,
3039 548 3184 612 patet
3213 539 3480 612 profecto,
3535 540 3670 614 quia
3693 541 3849 612 judi-

536 627 720 698 gloria
740 641 884 690 mea,
917 623 1118 680 Christi
1173 622 1633 678 resurrectionem
1664 621 1939 693 designat.
1973 623 2051 676 Ac
2082 621 2129 674 si

537 725 748 781 diceret
777 740 793 782 :
824 724 1100 793 Exsurget
1121 721 1189 776 de
1219 729 1394 776 morte
1427 720 1674 776 Christus
1722 720 1815 794 qui
1844 729 1926 775 est
1951 719 2132 793 gloria

538 828 680 869 mea.
715 811 850 867 Illud
866 819 1048 867 autem
1071 809 1212 882 quod
1243 818 1325 865 est
1358 825 1370 864 :
1403 811 1678 882 Exsurge,
1703 811 2046 883 psalterium
2073 812 2129 863 et

538 910 780 977 cithara,
814 915 1042 979 propter
1069 906 1328 980 gaudium
1364 905 1558 973 intulit,
1588 914 1640 960 et
1666 906 1910 962 laetitiam
1927 921 2048 977 qua:
2065 921 2131 960 ex

539 997 736 1055 Christi
765 996 1170 1053 resurrectione
1201 994 1421 1050 fuerant
1459 1004 1809 1066 proventura,
1843 1011 1964 1066 quae
1994 994 2132 1048 bene

537 1111 634 1168 per
657 1091 978 1166 psalterium
1007 1090 1388 1163 designantur.
1440 1097 1493 1145 et
1522 1089 1806 1156 citharam,
1840 1106 1966 1146 cum
1997 1098 2129 1144 tem-

538 1198 669 1256 pore
692 1180 1064 1254 prosperitatis
1097 1187 1151 1236 et
1170 1179 1369 1234 laetitiae
1423 1179 1737 1248 hujusmodi
1776 1185 2134 1234 exerceantur

535 1273 915 1328 instrumenta.
957 1271 1036 1325 Ac
1065 1268 1323 1324 sidiceret
1356 1267 1606 1323 :Christo
1623 1275 2132 1340 resurgente,omne

538 1386 664 1428 cum
723 1385 790 1427 eo
819 1367 1088 1442 gaudium
1119 1372 1380 1438 exsurget
1403 1365 2131 1438 atquelaetitiaPertertium

538 1475 672 1516 vero
689 1457 836 1531 quod
858 1463 941 1512 est
967 1456 1314 1526 :Exsurgam
1337 1455 1609 1522 diluculo,
1632 1454 1725 1508 ubi
1768 1454 2130 1524 supplendum

539 1557 622 1606 est
650 1551 712 1605 in
736 1546 1010 1612 diluculo,
1043 1552 1262 1599 notatur
1289 1542 1419 1615 quia
1443 1543 1560 1613 ipse
1593 1542 1769 1598 David
1799 1543 1867 1598 de
1892 1543 2132 1598 tenebris

532 1636 732 1694 inferni
763 1633 1074 1706 eripiendus
1103 1639 1215 1687 erat
1242 1641 1564 1704 resurgente
1593 1631 1831 1687 Christo.
1868 1631 1959 1687 Sic
1977 1645 2130 1685 nam-

536 1742 642 1798 que
671 1725 762 1780 hic
817 1738 918 1794 per
971 1720 1270 1777 diluculum
1325 1719 1686 1792 intelligimus
1740 1719 1935 1785 lucem,
1995 1719 2133 1775 sicut

536 1823 724 1880 multis
755 1822 810 1876 in
839 1819 975 1876 locis
1003 1833 1104 1890 per
1133 1833 1336 1874 nomen
1359 1818 1506 1890 quod
1537 1825 1620 1874 est
1646 1833 1862 1888 vesper,
1878 1817 2131 1872 tenebras

536 1911 848 1982 intelligere
877 1907 1120 1964 solemus
1149 1915 1204 1963 et
1233 1915 1468 1963 noctem.
1503 1910 1581 1962 Ac
1612 1906 1658 1961 si
1675 1914 1864 1977 aperte
1885 1905 2091 1962 diceret
2115 1924 2129 1960 :
2163 1912 2216 1972 Β

536 2000 753 2056 Christo
800 2004 1146 2068 resurgente.
1183 2011 1478 2068 exsurgam
1505 2005 1558 2051 et
1606 2011 1711 2066 ego
1769 1995 1839 2050 de
1898 1994 2134 2050 tenebris

536 2112 666 2154 cum
699 2093 831 2151 eoin
855 2092 1032 2166 gloria
1048 2091 1472 2164 etmagnaluce.
1497 2091 1766 2160 Quartum
1789 2099 1973 2147 autem
1989 2091 2134 2163 quod

535 2186 706 2240 dixit:
730 2183 1008 2239 Exaltare
1035 2197 1206 2254 super
1235 2182 1419 2247 crrlos,
1454 2181 1617 2250 Deus,
1642 2184 1882 2252 etsuper
1909 2196 2132 2236 omnem

538 2288 755 2340 terram
779 2280 967 2351 gloria
999 2282 1118 2344 tua,
1137 2277 1208 2332 de
1235 2277 1566 2333 exaltatione
1594 2286 1646 2333 et
1675 2293 1914 2333 ascensu
1933 2278 2133 2332 Christi

533 2371 591 2426 in
619 2369 819 2428 coelum
876 2365 1108 2436 addidit,
1143 2367 1210 2421 de
1243 2382 1354 2438 quo
1387 2382 1622 2422 ascensu
1678 2383 1778 2437 per
1807 2375 1977 2421 totum
2029 2366 2132 2420 sibi

532 2463 790 2520 mundum
816 2461 1107 2533 provenire
1145 2461 1382 2516 debebat
1402 2463 1608 2534 gloria.
1674 2461 1843 2532 Quasi
1873 2463 2082 2518 diceret
2115 2481 2128 2517 :

535 2551 879 2608 Exaltaberis
936 2567 1100 2622 super
1119 2551 1289 2606 cmlos
1321 2560 1374 2606 et
1429 2552 1721 2617 ascendes,
1775 2559 1827 2607 et
1856 2551 1982 2608 inde
2037 2549 2132 2606 tibi

534 2666 636 2724 per
655 2656 823 2705 totam
856 2656 1056 2703 terram
1115 2648 1552 2704 accumulabitur
1581 2648 1779 2721 gloria.
1813 2648 1970 2718 Quod
2001 2666 2130 2706 vero

539 2747 691 2812 dixit,
729 2747 893 2811 Deus,
927 2745 1239 2801 necessario
1269 2745 1336 2800 de
1368 2745 1582 2800 Christo
1633 2745 2006 2819 intelligimus,
2041 2747 2131 2819 qui

538 2844 591 2892 et
620 2837 785 2892 homo
815 2834 910 2889 fuit
939 2842 992 2890 et
1023 2835 1192 2890 Deus.
1227 2835 1400 2888 Purus
1429 2834 1572 2890 enim
1605 2835 1752 2890 Deus
1783 2852 1904 2892 cum
1934 2851 2033 2892 nec
2062 2836 2132 2890 de

535 2923 658 2981 loco
685 2925 754 2980 ad
774 2923 952 2980 locum
975 2923 1471 2993 moveatur,procul
1513 2923 1679 2979 dubio
1695 2941 1797 2980 nec
1827 2925 2127 2991 descendit,

538 3037 642 3079 nec
673 3020 921 3077 ascendit
948 3029 1037 3076 aut
1068 3019 1370 3076 exaltatur.

608 3129 858 3184 Movsas.
899 3125 1128 3194 Sufficit,
1163 3127 1334 3182 fateor
1370 3128 1512 3199 quod
1546 3129 1613 3184 de
1631 3143 1864 3184 ascensu
1917 3129 2124 3184 dixisti.

535 3219 650 3274 Sed
679 3216 733 3272 in
763 3225 868 3272 tua:
894 3216 1018 3270 fidei
1065 3215 1402 3287 expositione
1431 3218 1611 3273 adhuc
1639 3234 1804 3273 unum
1865 3218 2126 3290 tetigisti,

531 3396 602 3450 sit
629 3395 683 3449 in
713 3393 803 3449 die
829 3392 1046 3462 judicii.
1079 3393 1244 3460 Cujus
1277 3392 1357 3446 rei
1387 3408 1487 3448 nec
1507 3401 1888 3465 argumentum
1919 3409 2022 3450 nec
2041 3411 2126 3449 ra-

530 3485 732 3541 tionem
765 3481 1078 3554 expostulo.
1125 3481 1181 3536 Si
1209 3482 1374 3544 enim,
1417 3489 1475 3537 ut
1502 3481 1744 3551 creditis,
1779 3491 1829 3536 et
1867 3484 2016 3538 Deus
2050 3493 2134 3538 est

534 3579 590 3629 et
619 3574 802 3640 homo,
835 3571 967 3626 satis
997 3585 1122 3625 eum
1155 3569 1398 3637 judicem
1427 3569 1592 3624 etiam
1613 3571 1802 3626 mundi
1841 3587 1965 3627 esse
1990 3587 2130 3627 con-

533 3661 698 3718 cedo.
737 3659 852 3716 Sed
868 3659 930 3714 ha
939 3657 1037 3714 bes
1058 3665 1113 3712 tu
1125 3657 1364 3728 aliquam
1380 3657 1448 3712 de
1461 3657 1741 3728 Scriptura
1753 3661 2132 3715 auctoritatem

537 3765 706 3822 super
726 3763 793 3805 eo
821 3749 848 3801 εἰ

611 3875 848 3930 ΡΒτηυε.
876 3871 1077 3944 Utique
1103 3870 1304 3927 habeo.
1353 3869 1446 3926 Sic
1501 3886 1736 3942 namque
1784 3871 2020 3942 legimus
2079 3873 2134 3928 in

539 3962 778 4020 Danielis
791 3960 928 4017 libro
946 3978 958 4014 :
976 3960 1322 4032 Aspiciebam
1343 3959 1516 4016 donec
1547 3959 1740 4015 throni
1760 3963 1930 4033 positi
1971 3967 2132 4028 sunt,

537 4058 592 4110 et
623 4051 902 4123 Antiquus
919 4049 1142 4105 dierum
1173 4048 1320 4104 sedit
1383 4049 1551 4118 (Dan.
1586 4053 1706 4108 vn).
1742 4050 1804 4102 Et
1860 4057 2053 4121 postea
2081 4051 2136 4105 in

537 4141 734 4197 eodem
755 4157 769 4194 :
791 4139 1082 4195 Iudicium
1103 4138 1339 4203 sedit,et
1365 4137 1495 4192 libri
1517 4139 1703 4208 aperti
1741 4143 1902 4194 sunt.
1929 4139 2137 4195 Deinde

539 4230 699 4287 etiam
729 4228 783 4283 in
813 4227 1008 4284 eadem
1039 4225 1250 4281 visione
1285 4241 1297 4279 :
1333 4227 1679 4298 Aspiciebam
1727 4243 1881 4298 ergo,
1929 4228 2133 4300 inquit,

536 4321 596 4375 in
613 4319 823 4374 visione
834 4317 1100 4382 noctis,et
1115 4332 1238 4371 ecce
1251 4332 1378 4372 cum
1392 4315 1632 4371 nubibus
1645 4317 1774 4372 caeli
1785 4319 1948 4388 quasi
1961 4319 2138 4374 Filius

542 4407 787 4464 hominis
809 4404 1148 4469 veniebat,et
1170 4420 1340 4476 usque
1362 4405 1432 4458 ad
1450 4405 1760 4477 Antiquum
1775 4405 1996 4461 dierum
2016 4423 2139 4480 per-

540 4498 716 4558 venit,
736 4497 798 4551 in
829 4499 1136 4566 conspectu
1165 4495 1286 4565 ejus
1309 4493 1639 4550 obtulerunt
1667 4500 1880 4560 eum,et
1902 4495 2060 4551 dedit
2082 4497 2137 4552 ei

537 4588 898 4660 potestatem,
922 4587 978 4638 et
994 4583 1342 4648 honorem,et
1357 4585 1673 4653 regnum,et
1703 4599 1894 4639 omnes
1914 4585 2129 4656 populi,

540 4681 720 4739 tribus
751 4683 806 4737 et
828 4680 1034 4752 lingua;
1063 4679 1310 4734 servient
1353 4679 1424 4733 ei.
1451 4679 1706 4733 Potestas
1733 4679 1856 4748 ejus
1885 4684 2134 4752 potestas

537 4777 756 4828 (eterna
771 4786 895 4842 qua;
923 4785 1038 4824 non
1059 4769 1443 4837 auferetur,et
1468 4783 1705 4838 regnum
1722 4769 1844 4838 ejus
1874 4785 1989 4824 non
2017 4785 2136 4824 cor-

537 4863 836 4934 rumpetur
857 4857 1058 4930 (ibid.).
1083 4856 1349 4926 Auliquus
1366 4855 1566 4926 quippe
1602 4856 1811 4910 dierum
1841 4856 1933 4928 qui
1963 4858 2133 4924 sedit,

537 4961 688 5016 Deus
719 4959 878 5013 Pater
903 4963 1002 5012 est.
1041 4955 1142 5009 Per
1179 4952 1286 5007 hoc
1324 4969 1454 5008 vero
1484 4953 1627 5024 quod
1665 4953 2133 5011 dixit:.ludicium

535 5056 700 5121 sedit,
723 5053 924 5109 etlibri
944 5049 1578 5124 apertisunt,judicium
1609 5051 1928 5123 designatur
1957 5053 2129 5122 quod,

535 5152 587 5209 in
621 5152 728 5207 lina
755 5148 942 5205 mundi
997 5156 1080 5204 est
1108 5147 1367 5213 futurum,
1413 5147 1469 5201 in
1515 5165 1622 5219 quo
1653 5148 1805 5219 quasi
1863 5149 1918 5202 in
1974 5148 2134 5204 libris

534 5241 738 5312 scripta
764 5237 1124 5295 discutientur
1151 5235 1348 5292 merita
1379 5235 1722 5308 singulorum
1740 5237 2130 5308 (Matth.xxv).

535 5339 635 5410 Qui
666 5345 852 5394 autem
873 5351 994 5392 curn
1025 5334 1262 5390 nubibus
1291 5333 1702 5400 coeliveniebat,
1722 5335 1972 5390 Christus
2029 5346 2132 5404 est,

532 5435 625 5508 qui
653 5442 802 5490 recte
830 5447 938 5488 non
964 5431 1129 5486 Filius
1158 5430 1393 5485 hominis
1422 5431 1692 5498 absolute,
1719 5432 1816 5487 sed
1863 5435 2024 5504 quasi
2048 5435 2134 5488 Pi.

534 5538 646 5592 lius
677 5535 922 5592 hominis
951 5533 1168 5598 dicitur,
1205 5533 1330 5604 quia
1374 5548 1482 5589 non
1513 5532 1583 5589 de
1641 5542 1799 5604 patre
1847 5533 2056 5590 carnali
2082 5544 2136 5590 et

529 5644 718 5699 matre,
751 5633 861 5688 imo
891 5632 960 5688 de
1016 5630 1230 5702 virgine
1259 5638 1311 5686 et
1345 5631 1461 5687 Deo
1489 5632 1643 5686 Patre
1675 5639 1833 5687 natus
1874 5641 1975 5698 est,
2033 5633 2135 5688 Per

529 5724 634 5780 hoc
655 5739 788 5779 vero
817 5719 962 5794 quod
993 5727 1176 5791 parato
1219 5719 1448 5790 judicio,
1481 5728 1533 5775 et
1571 5720 1787 5791 apertis
1817 5721 1993 5788 libris,
2027 5725 2132 5778 An-

531 5823 719 5895 tiquus
736 5820 960 5876 dierum
979 5819 1032 5872 ei
1061 5821 1420 5890 potestatem,
1437 5822 1491 5873 et
1514 5818 1802 5885 honorem,
1820 5823 1877 5875 et
1890 5835 2128 5892 regnum

528 5908 701 5981 dedit,
734 5916 786 5968 et
811 5905 1052 5964 omnium
1082 5904 1425 5980 populorum,
1460 5905 1696 5962 tribuum
1721 5919 1786 5964 ac
1817 5907 2132 5982 linguarum

2240 624 2381 680 cium
2405 627 2644 682 omnium
2676 628 2727 682 in
2779 628 2966 684 mundi
3022 631 3488 686 consummatione
3547 629 3656 686 sibi
3696 647 3845 687 con-

2240 735 2454 778 cessum
2478 725 2566 778 sit.
2602 726 2704 780 Per
2732 726 2836 782 hoc
2866 727 3028 781 etiam
3084 728 3230 799 quod
3262 735 3365 793 est,
3400 732 3652 800 potestas
3716 729 3847 799 ejus

2239 824 2366 875 aetei
2381 837 2457 876 na
2486 838 2609 894 qua:
2621 839 2735 878 non
2749 826 3067 894 auferetur,
3082 828 3139 880 et
3169 841 3405 897 regnum
3421 827 3542 896 ejus
3561 825 3708 897 quod
3725 842 3845 881 non

2240 915 2656 982 corrumpetur,
2689 913 2832 984 quod
2855 921 3060 968 tantum
3088 913 3158 969 ad
3181 929 3406 986 regnum
3429 914 3667 969 divinum
3706 929 3842 984 per-

2242 997 2394 1063 tinet,
2429 1006 2479 1053 et
2497 1015 2595 1069 per
2611 999 2740 1054 illud
2759 1001 2906 1072 quod
2922 1003 3375 1076 praecedit.quasi
3392 1003 3568 1059 Filius
3586 1003 3848 1058 hominis

2242 1087 2518 1153 veniebat,
2556 1090 2742 1158 procul
2775 1089 2938 1146 dubio
2979 1091 3235 1158 innuitur,
3269 1091 3415 1163 quod
3441 1091 3533 1146 ille
3561 1092 3651 1148 cui
3696 1091 3850 1160 judi-

2239 1174 2383 1230 cium
2415 1191 2477 1231 ac
2502 1192 2732 1250 regnum
2765 1178 2880 1233 tale
2925 1178 3182 1243 dabatur,
3233 1180 3478 1236 Christus
3498 1187 3599 1247 est,
3632 1179 3732 1252 qui
3792 1188 3850 1236 et

2242 1262 2405 1329 Deus,
2433 1272 2490 1318 ut
2518 1263 2776 1332 diximus,
2806 1275 2858 1322 et
2917 1267 3082 1324 homo
3106 1267 3316 1323 futurus
3346 1275 3492 1325 erat.
3557 1268 3850 1324 Concedat

2239 1369 2417 1416 autem
2448 1361 2562 1430 tibi,
2594 1363 2792 1431 amice,
2823 1365 3104 1430 Dominus,
3138 1374 3195 1420 ut
3214 1373 3267 1420 tu
3291 1365 3561 1435 injudicio
3617 1365 3716 1421 illo
3740 1381 3848 1421 eo-

2240 1465 2357 1502 rum
2378 1451 2468 1521 qui
2500 1451 2552 1504 in
2575 1460 2734 1522 parte
2760 1453 2986 1509 dextera
3017 1454 3326 1511 collocandi
3372 1463 3498 1510 sunt
3528 1455 3736 1524 (ibid.),
3773 1455 3848 1509 sit

2240 1554 2402 1595 unus.
2439 1541 2606 1596 Amen
2622 1581 2635 1593 .

2800 1719 3090 1776 TlTULUS
3139 1719 3242 1774 XII
3257 1760 3270 1773 .

2244 1835 2395 1904 Quod
2443 1837 2538 1892 lea:
2571 1836 3025 1897 Christianorum
3081 1839 3189 1911 legi
3217 1840 3382 1912 Moysi
3410 1854 3524 1895 non
3579 1841 3662 1893 est
3693 1852 3842 1894 con-

2929 1930 3114 1984 traria
3127 1969 3140 1982 .

2318 2047 2539 2101 Movsss
2551 2087 2565 2101 .
2605 2047 2878 2103 Hactenus
2893 2048 2964 2104 de
2979 2047 3213 2120 singulis
3238 2056 3341 2104 tuae
3352 2046 3695 2105 crudelitatis
3707 2062 3832 2118 paro

2244 2133 2388 2189 tibus
2408 2134 2738 2192 sufficienter
2755 2136 3085 2208 disputatum
3115 2145 3217 2204 est,
3249 2137 3347 2191 sed
3377 2136 3431 2191 in
3459 2136 3494 2190 d
3518 2136 3841 2207 sputationis

2245 2223 2468 2278 exordio
2499 2241 2660 2278 unum
2709 2225 2888 2282 adhuc
2944 2225 3147 2292 dixisti,
3205 2225 3452 2282 vicelicet
3507 2225 3650 2298 quod
3700 2225 3840 2280 hora

2244 2311 2586 2382 baptismatis
2615 2313 2690 2367 tui
2716 2313 2994 2385 apostolos
3039 2313 3317 2370 credidisti
3345 2314 3414 2369 de
3470 2329 3578 2386 qua
3597 2313 3841 2369 creduli-

2240 2407 2346 2455 tate
2377 2401 2506 2472 quid
2539 2401 2607 2456 sit
2636 2401 2768 2456 mihi
2799 2402 3014 2473 postulo
3041 2401 3384 2474 responderi,
3413 2410 3588 2457 utrum
3621 2401 3837 2459 scilicet

2241 2505 2338 2543 eos
2397 2489 2569 2544 bonos
2616 2498 2668 2545 et
2716 2499 2934 2546 sanctos
3017 2492 3214 2547 credas
3261 2489 3635 2547 tantummodo
3685 2491 3834 2546 viros

2240 2577 2532 2644 exstitisse,
2586 2578 2672 2634 vel
2701 2579 2844 2651 quod
2903 2579 3267 2651 praedicarunt
3309 2595 3495 2636 verum
3542 2579 3728 2644 fuisse,
3781 2587 3838 2634 et

2241 2675 2383 2746 quod
2412 2674 2515 2746 ipsi
2568 2675 2916 2732 crediderunt
2939 2685 2990 2732 te
3021 2676 3181 2732 etiam
3202 2677 3453 2734 credere.

2317 2782 2547 2836 Pa'raus.
2584 2783 2881 2855 Utrumque
2909 2782 3153 2854 profecto
3181 2785 3346 2840 credo
3367 2799 3492 2856 ego,
3513 2790 3566 2838 et
3595 2797 3692 2838 eos
3706 2797 3835 2837 sane

2241 2877 2358 2925 ctos
2389 2869 2576 2937 fuisse,
2609 2878 2660 2925 et
2682 2887 2870 2926 verum
2899 2889 2998 2942 per
3027 2871 3208 2928 omnia
3237 2872 3587 2943 praedicasse,
3611 2878 3664 2928 et
3686 2870 3833 2942 quod

2239 2958 2625 3030 przedicarunt,
2657 2974 2854 3030 operor
2881 2976 2981 3031 pro
3013 2976 3138 3016 meo
3167 2977 3352 3032 posse.

2311 3065 2701 3120 MovsnsJam
2756 3065 2810 3121 in
2841 3065 3096 3137 laqueum
3117 3067 3384 3132 decidisti,
3444 3067 3513 3122 de
3558 3081 3664 3139 quo
3720 3080 3830 3121 non

2239 3154 2442 3224 poteris
2472 3154 2742 3224 expediri.
2810 3155 2946 3210 Cum
2977 3156 3118 3211 enim
3151 3156 3206 3210 in
3272 3155 3538 3227 principio
3581 3155 3651 3210 de
3710 3154 3831 3226 lege

536 3242 650 3274 aeu
681 3242 733 3272 lu
764 3242 868 3272 tua:
896 3242 1018 3270 ιιυυι
1065 3242 1402 3287 expuuntur":
1431 3242 1611 3273 unum;
1641 3242 1804 3273 unum
1866 3242 2126 3290 teuglsu,
2162 3264 2208 3322 Γ
2240 3242 2560 3314 qumsissem
2592 3243 2782 3310 Movsi’
2809 3243 2988 3298 sicam
3007 3253 3063 3299 ut
3091 3245 3294 3315 abipso
3323 3244 3444 3298 data
3462 3252 3544 3299 est
3570 3243 3831 3299 observa-

533 3305 789 3362 Videlicet
821 3304 970 3376 ῳ]θά
1002 3303 1154 3359 νίνοδ
1204 3304 1448 3373 jUdicare
1479 3313 1532 3358 et
1562 3313 1808 3360 mortuos
1864 3314 2125 3362 venturus
2193 3301 2210 3325 ⁸
2239 3347 2343 3376 res-
2380 3347 2541 3376 t‘ttmm
2572 3300 2947 3376 transﬂuens";
2979 3349 3102 3376 esse
3136 3333 3417 3376 videbaris
3439 3332 3589 3376 mihi
3626 3341 3678 3376 tn
3709 3332 3831 3376 nni-

2239 3347 2345 3396 res,
2380 3347 2541 3401 quam
2572 3339 2947 3404 transgressus
2979 3349 3102 3388 esse
3136 3333 3417 3388 videbaris
3439 3332 3592 3402 mihi,
3626 3341 3680 3387 tu
3709 3332 3832 3403 qui-

2241 3419 2363 3474 dem
2395 3435 2514 3474 eam
2546 3428 2596 3474 te
2625 3419 2928 3491 complere,
2978 3421 3245 3478 veraciter
3272 3421 3588 3487 observare,
3649 3429 3700 3476 et
3729 3436 3828 3492 per

2241 3507 2578 3562 rectissimas
2601 3508 2722 3577 ejus
2752 3509 2973 3564 semitas
3016 3518 3166 3565 recto
3194 3527 3394 3584 gressu
3426 3509 3679 3567 incedere
3734 3524 3825 3564 re-

2242 3595 2535 3666 spondisti.
2564 3596 2661 3652 Ille
2691 3597 2854 3652 etiam
2886 3614 3049 3670 quem
3079 3599 3352 3654 Christum
3373 3597 3571 3664 dicitis,
3603 3613 3720 3654 eam
3731 3612 3830 3668 per

2242 3684 2426 3740 omnia
2452 3685 2816 3751 conservavit,
2867 3687 3007 3743 sicut
3037 3694 3266 3742 testatur
3318 3687 3436 3759 ipse
3465 3703 3590 3744 cum
3645 3685 3775 3741 dicit
3808 3703 3820 3740 :

2245 3772 2387 3841 Quia
2405 3775 2580 3846 legem
2601 3789 2715 3830 non
2729 3775 2960 3841 solvere,
2993 3776 3089 3832 sed
3109 3777 3418 3849 adimplere
3450 3777 3576 3832 veni
3605 3774 3820 3844 (.llatth.

2242 3863 2324 3927 v).
2362 3861 2616 3933 Apostoli
2645 3871 2824 3918 autem
2865 3879 3002 3937 quos
3030 3871 3084 3920 te
3103 3870 3305 3920 asserta
3332 3864 3656 3930 credidisse,
3709 3877 3825 3919 eam

2240 3951 2632 4017 dissolverant,
2656 3956 2712 4006 et
2740 3953 3034 4024 praeceptis
3074 3954 3200 4023 ejus
3230 3953 3340 4009 alia
3367 3952 3637 4010 contraria
3683 3968 3826 4023 prm-

2243 4047 2510 4108 ceperunt
2537 4040 2686 4109 (Gal.
2719 4041 2814 4108 1v).
2848 4040 3050 4109 Quare,
3101 4055 3225 4097 cum
3282 4057 3464 4097 eorum
3515 4040 3644 4096 illud
3673 4040 3824 4107 dicis,

2242 4143 2408 4182 unum
2438 4127 2569 4199 quid
2599 4135 2652 4183 et
2682 4129 2798 4196 ejus
2826 4128 3156 4185 contrarium
3179 4131 3406 4186 credere
3438 4129 3660 4184 videris.

2317 4234 2562 4290 Penus.
2596 4234 2842 4306 Apostoli
2872 4250 3008 4291 sane
3040 4236 3152 4292 veri
3183 4235 3438 4308 discipuli
3471 4236 3663 4293 Christi
3703 4233 3822 4291 fue-

2247 4339 2386 4397 runt,
2419 4341 2473 4388 et
2503 4332 2765 4406 quidquid
2795 4335 3168 4405 praedicarunt
3198 4352 3298 4406 per
3350 4335 3624 4391 Christum
3652 4333 3824 4406 utique

2245 4418 2511 4490 fecerunt,
2546 4431 2599 4478 et
2625 4425 2805 4496 legem
2837 4423 3009 4494 Moysi
3063 4439 3170 4480 non
3201 4424 3496 4492 solverunt,
3528 4424 3626 4480 sed
3653 4422 3821 4478 adim-

2245 4509 2484 4581 plerunt.

2316 4600 2572 4656 Morsas.
2605 4603 2670 4656 Et
2699 4604 2974 4676 quomodo
3027 4604 3170 4660 scire
3199 4602 3500 4675 poterimus
3557 4601 3702 4674 quod
3729 4617 3821 4672 per

2242 4686 2516 4742 Christum
2547 4689 2693 4744 illam
2749 4693 3138 4762 praedicarunt,
3171 4708 3295 4748 cum
3341 4700 3528 4747 notum
3561 4691 3630 4744 sit
3682 4688 3817 4761 quod

2243 4776 2446 4831 nullam
2459 4777 2562 4832 nisi
2584 4788 2708 4850 post
2719 4789 2950 4836 mortem
2965 4784 3078 4850 ejus
3091 4779 3534 4853 praedicationem
3550 4777 3818 4835 fecerunt?

2318 4883 2560 4940 Psrnus.
2593 4884 2887 4949 Quomodo
2908 4895 3091 4944 autem
3121 4887 3247 4944 inde
3267 4901 3552 4958 possemus
3565 4883 3815 4948 dubitare,

2245 4993 2366 5034 cum
2398 4981 2636 5037 sciamus
2667 4999 2764 5040 eos
2793 4983 2926 5039 nihil
2947 4983 3097 5040 aliud
3129 4999 3290 5058 quam
3313 4982 3584 5038 Christum
3607 4988 3657 5037 et
3690 4996 3818 5052 prte-

2245 5078 2406 5141 cepta
2437 5071 2556 5139 ejus
2586 5072 2914 5142 praedicasse
2933 5075 2962 5130 1
2987 5073 3146 5143 Quod
3201 5074 3345 5130 enim
3377 5079 3428 5128 et
3461 5085 3587 5127 eum
3639 5077 3686 5126 et
3711 5069 3818 5139 ejus

2243 5166 2521 5230 praecepta
2555 5160 2939 5232 praedicarunt,
2989 5166 3372 5236 argumentum
3418 5168 3501 5216 est
3529 5157 3670 5232 quod
3717 5157 3817 5228 ipsi

2245 5264 2300 5310 ut
2324 5255 2445 5324 ejus
2467 5254 2629 5312 iidem
2659 5256 3224 5326 dilatarent,diversas
3246 5267 3298 5315 et
3318 5257 3643 5330 longinquas
3655 5261 3815 5310 terras

2245 5344 2550 5416 nudipedes
2578 5347 2872 5418 petierunt,
2901 5349 3065 5418 sitim,
3093 5348 3312 5414 famem,
3332 5344 3814 5418 nuditatem,frigus

2245 5441 2404 5497 simul
2432 5450 2483 5497 et
2511 5443 2770 5512 calorem,
2801 5447 3105 5518 angustiam
3139 5455 3193 5502 et
3240 5446 3503 5511 laborem,
3563 5443 3718 5514 ﬂagra
3765 5448 3814 5497 et

2245 5531 2579 5588 occisionem
2600 5533 2670 5588 ob
2699 5533 2817 5605 ejus
2850 5534 3254 5592 confessionem
3289 5534 3397 5590 fere
3427 5549 3616 5590 omnes
3661 5538 3813 5603 pertu-

2245 5619 2443 5676 lerunt.
2477 5623 2613 5677 Nam
2659 5625 2940 5694 quomodo
2971 5626 3088 5682 hinc
3123 5641 3222 5696 pro
3246 5639 3312 5681 eo
3341 5621 3638 5696 potuissent
3665 5619 3810 5676 rusti-

2243 5725 2393 5776 nere,
2427 5718 2478 5765 et
2507 5711 2794 5782 prmceptis
2828 5713 2949 5782 ejus
2996 5712 3256 5770 contrarii
3313 5711 3399 5771 vel
3455 5709 3806 5767 inobedientes

2244 5798 2488 5854 existere
2518 5799 2546 5851 ‘?

2314 5913 2563 5969 Marses.
2598 5913 2674 5987 Si,
2700 5923 2758 5972 ut
2778 5914 2936 5990 dicis,
2969 5932 3070 5975 nec
3103 5933 3137 5975 a
3169 5916 3387 5975 Christo
3441 5915 3797 5972 dissenserunt
