3966 6422
69 5394 90 5473 ἶ

78 5518 91 5544 \

108 408 230 481 εἴη

223 722 482 784 Ριῑτιιυε.
522 733 605 787 Et.
642 735 708 789 in
746 754 874 809 quo
908 722 1249 794 invenientur
1273 738 1529 793 contrarii
1560 741 1586 793 εἰ

227 811 500 874 Μοῐδεε.
539 821 611 876 In
649 828 928 881 cunctis.

241 912 496 973 Penus.
534 919 824 977 Nimium
851 924 1058 979 dixisti.
1093 925 1199 996 Ipsi
1228 925 1368 980 enim
1388 924 1678 995 jejunium,
1703 924 1837 980 eleeo

182 1025 477 1084 mosynam
510 1031 584 1072 ac
619 1019 1079 1075 misericordiam
1112 1021 1502 1091 praedicarunt,
1537 1021 1705 1074 Deum
1742 1039 1837 1075 su-

192 1117 293 1173 per
320 1104 515 1159 omnia
561 1113 617 1161 et
653 1109 982 1177 proximum
1036 1118 1093 1164 ut
1138 1125 1198 1164 se
1227 1108 1378 1178 diligi
1436 1116 1833 1179 praeceperunt,

204 1199 530 1269 homicidia,
592 1202 1028 1270 fornicationes,
1089 1204 1254 1269 furta,
1317 1205 1625 1260 testimonia
1676 1206 1832 1264 falsa,

210 1299 500 1367 invidiam,
535 1309 595 1357 et
627 1301 737 1356 alia
774 1303 913 1357 vitia
944 1303 1219 1375 qua‘ratio
1239 1304 1517 1369 abhorret,
1549 1312 1600 1358 et
1621 1305 1836 1373 Moyses

212 1397 496 1468 prohibet,
529 1398 640 1469 ipsi
691 1399 859 1454 etiam
894 1400 1286 1469 prohibuerunt
1315 1400 1535 1471 (Ephcs.
1570 1416 1599 1450 ν
1630 1419 1647 1463 ;
1680 1401 1830 1453 Item.

210 1490 326 1551 vi).
364 1486 665 1555 Quomodo
698 1504 840 1560 ergo
872 1488 1016 1542 dicis
1038 1489 1161 1559 quia
1186 1489 1356 1559 Moysi
1388 1489 1439 1541 in
1469 1488 1675 1542 cunctis
1704 1504 1833 1542 con-

210 1575 382 1629 trarii
413 1576 639 1630 fuerunt
669 1577 697 1628 ‘?

293 1664 552 1719 Morsas.
600 1664 659 1718 Si
713 1665 769 1718 in
821 1665 1152 1735 supradictis
1208 1664 1379 1735 Moysi
1419 1672 1832 1729 consenserunt,

198 1776 395 1831 quare
455 1761 509 1815 in
569 1761 904 1833 quibusdam
960 1762 1086 1816 aliis
1155 1762 1223 1816 ab
1281 1762 1476 1817 eodem
1550 1761 1826 1816 discorda-

204 1857 349 1903 runt
379 1850 411 1903 ?

288 1938 540 1994 Ριςτιιυε.
565 1939 625 1992 In
655 1939 857 2012 quibus
888 1939 915 1992 ἲ

284 2044 554 2100 Morsxs.
579 2045 818 2099 Primum
854 2052 940 2101 est
970 2046 1114 2117 quod
1144 2046 1637 2112 circumeisionem,
1661 2062 1822 2117 quam

195 2148 261 2195 et
298 2142 548 2197 Abrahae
581 2150 635 2196 et
665 2142 839 2213 Moysi
870 2143 1017 2197 Deus
1030 2143 1304 2213 praecepit,
1339 2144 1823 2198 cthristusetiam

193 2245 392 2299 quem
420 2230 604 2285 dicitis
648 2230 1006 2286 circumcisus
1043 2231 1162 2296 fuit,
1220 2232 1455 2301 apostoli
1504 2242 1826 2303 postposue-

194 2325 376 2382 runt,
422 2318 553 2389 quin
583 2327 637 2374 et
666 2317 783 2372 ﬁeri
814 2319 1212 2389 prohibuerunt
1241 2320 1386 2389 (Gal.
1411 2321 1485 2390 v).

284 2424 548 2480 Px'raus.
587 2425 747 2480 Prius
775 2425 847 2480 de
895 2426 995 2482 hac
1024 2425 1441 2481 circumcisione
1471 2442 1638 2498 quare
1676 2434 1728 2481 et
1756 2426 1826 2480 ad

199 2538 401 2593 quam
452 2521 734 2577 utilitatem
760 2530 1035 2593 praecepta
1090 2523 1158 2577 sit
1212 2523 1404 2578 intueri
1434 2524 1715 2591 debemus,
1774 2532 1827 2579 et

200 2626 360 2671 tunc
387 2618 591 2684 justum
621 2632 689 2671 an
722 2617 983 2685 injustam
1012 2616 1082 2671 sit
1124 2617 1269 2687 quod
1300 2616 1530 2687 apostoli
1562 2617 1824 2683 fecerunt,

200 2705 430 2761 melius
450 2720 849 2777 agnoscamus.

290 2794 554 2848 Marses.
589 2793 794 2850 Placet.

294 2881 558 2937 Penus.
590 2883 691 2938 Dic
722 2891 777 2936 tu
801 2898 956 2956 ergo.
991 2884 1332 2941 circumcisio
1378 2882 1469 2937 illa
1491 2899 1652 2956 quam
1683 2885 1829 2939 utili-

209 2976 404 3024 tatem
427 2971 610 3026 credis
639 2979 859 3041 poterat
879 2970 1095 3038 afferre,
1120 2973 1205 3028 vel
1226 2991 1396 3045 quare
1426 2975 1539 3030 ﬁeri
1560 2982 1832 3044 pmcepta

207 3061 313 3108 est
348 3058 546 3110 octava
569 3054 661 3110 die
690 3055 718 3110 ?
747 3054 922 3124 (Gen.
960 3072 1101 3111 xvut
1132 3076 1146 3123 ;
1180 3058 1358 3114 Leuit.
1399 3060 1533 3129 xu.)

295 3161 564 3216 Mersus.
598 3162 679 3216 De
706 3169 900 3217 octava
949 3162 1191 3233 profecto
1231 3164 1319 3219 die
1349 3180 1568 3219 causam
1627 3163 1831 3218 nullam

1725 434 2046 494 DIALOGI.

115 539 398 611 εροδίοὶιν
428 561 560 604 nec
619 552 931 611 Christus
986 557 1035 612 in
1091 557 1271 630 aliquo
1301 573 1329 610 a
1355 557 1477 626 lege
1531 557 1722 628 Moysi,
1747 575 1842 612 cur
1871 561 1921 620 A
1956 562 2245 627 nationem,
2272 561 2381 626 ille,
2443 560 2532 633 qui
2572 560 2782 617 decima
2838 562 3054 635 septimi
3074 563 3277 620 mensis
3300 562 3387 619 die
3427 580 3535 620 non

125 650 277 726 ετξο
306 640 508 715 Moysi
537 655 860 709 contrarii
896 654 1115 710 fuerunt
1143 655 1379 726 apostoli
1407 658 1435 708 ?

3432 439 3536 495 658

1945 651 2284 719 jejunaverit,
2340 650 2465 706 licet
2512 650 2865 706 circumcisus
2899 652 2986 717 sit,
3014 652 3217 707 nullam
3240 662 3416 708 tamen
3448 653 3541 708 ba-

1952 739 2095 793 bebit
2125 739 2506 795 salvationem.
2571 740 2659 795 Sic
2682 740 2825 795 enim
2864 741 3125 811 scriptum
3155 748 3240 795 est
3295 740 3349 795 in
3383 741 3540 795 Levi-

1951 828 2087 883 tico:
2113 830 2304 884 Omnis
2334 830 2529 883 anima
2559 846 2681 901 quae
2710 830 2932 899 afﬂicta
2964 845 3075 885 non
3090 831 3274 900 fuerit
3304 831 3392 884 die
3412 831 3534 895 hoc,

1948 918 2153 987 peribit
2179 917 2244 971 de
2269 919 2492 988 populis
2523 918 2637 972 sui:
2667 920 2812 988 (Leu.
2844 918 3018 985 xxm).
3051 915 3231 985 Quod,
3254 917 3297 971 si
3313 925 3536 988 propter

1948 1004 2051 1060 hoc
2082 1006 2291 1074 peribit,
2323 1005 2665 1061 circumcisio
2694 1006 2881 1076 procul
2912 1005 3078 1061 dubio
3108 1020 3216 1060 non
3249 1005 3463 1060 valebit.

2018 1111 2268 1165 Morsns.
2300 1112 2411 1166 lIoc
2440 1120 2587 1166 certe
2618 1112 2829 1165 videtur
2860 1111 3016 1166 ratio.

2022 1200 2266 1253 Fumus.
2308 1198 2447 1267 Quid
2471 1215 2602 1271 ergo
2633 1200 2767 1254 dicis
2798 1199 2865 1255 de
2895 1200 3099 1265 Adam,
3127 1199 3281 1264 Seth,
3317 1198 3528 1260 Enoch,

1948 1287 2262 1355 Mathusale,
2322 1289 2437 1341 Noe
2483 1296 2533 1341 et
2593 1288 2699 1341 tilio
2731 1288 2844 1356 ejus
2877 1288 3025 1354 Sem,
3075 1294 3127 1342 et
3183 1286 3302 1340 aliis
3345 1285 3531 1340 multis

1946 1392 2080 1442 quos
2115 1391 2457 1445 nequaquam
2488 1375 2858 1441 eircunicisos,
2894 1385 2944 1429 et
2969 1384 3147 1430 tamen
3167 1374 3330 1428 fuisse
3352 1373 3530 1428 credi-

1947 1480 2064 1516 mus
2096 1463 2329 1517 salvatos
2350 1466 2377 1516 ἶ)

2014 1553 2258 1606 Mersus.
2323 1551 2623 1622 Siquidem,
2679 1560 2962 1621 antequam
2994 1550 3337 1606 circumcisio
3376 1565 3523 1620 prae-

1943 1640 2234 1709 ciperetur,
2296 1639 2532 1707 fuerunt,
2594 1648 2644 1694 et
2674 1640 2795 1695 ideo
2852 1640 2971 1694 sine
3004 1654 3070 1694 ea
3100 1637 3298 1695 salvari
3326 1645 3525 1709 potue-

1940 1736 2078 1781 runt.

2015 1834 2257 1888 Pramus.
2298 1836 2360 1889 Et
2391 1833 2518 1906 quid
2550 1834 2698 1889 dices
2728 1835 2796 1890 de
2841 1833 2944 1889 Job
2968 1842 3020 1888 et
3049 1833 3212 1889 sociis
3242 1832 3377 1901 ejus,
3437 1830 3530 1902 qui

1858 1913 1908 1971 Β
1940 1931 2061 1992 post
2092 1923 2523 1978 circumcisionis
2553 1931 2885 1994 praeceptum
2920 1922 3264 1988 exstiterunt,
3323 1928 3377 1976 et
3405 1920 3529 1975 licet

1932 2020 2294 2075 incircumcisi
2328 2028 2507 2074 tamen
2539 2021 2673 2075 salvi
2704 2020 2919 2075 fuerunt
2947 2021 2975 2073 ε)

2007 2123 2250 2177 Morsus.
2286 2121 2497 2193 Quippe
2555 2122 2623 2176 de
2661 2128 2828 2193 gente
2884 2121 2972 2175 illa
3002 2137 3111 2175 non
3163 2119 3400 2186 fuerunt,
3436 2118 3524 2173 cui

1934 2219 2121 2273 datum
2152 2228 2270 2273 erat
2297 2219 2724 2274 circumcisionis
2755 2226 3112 2289 praeceptum.

2004 2309 2241 2362 Psraus.
2275 2306 2417 2375 Quid
2448 2307 2629 2379 itaque
2642 2308 2931 2378 praedictos
2948 2322 3139 2361 omnes
3154 2305 3277 2361 fecit
3293 2304 3473 2360 salvos
3494 2307 3521 2358 ?

2006 2415 2259 2468 Morsas.
2294 2414 2493 2469 Nescio
2525 2429 2741 2477 revera,
2776 2413 2873 2468 sed
2904 2421 3034 2483 puto
3063 2411 3186 2483 quia
3220 2411 3360 2466 bona
3380 2409 3521 2465 ﬁdes

1934 2517 2051 2565 sua,
2087 2507 2139 2556 et
2163 2502 2359 2573 quibus
2388 2502 2676 2556 utebantur
2705 2500 2995 2557 sacriﬁcia.

2008 2592 2244 2644 Paraus.
2279 2591 2419 2659 Quid
2452 2590 2616 2661 igitur
2634 2590 2771 2646 dicis
2810 2589 2878 2644 de
2908 2588 3124 2654 Ismael,
3151 2588 3520 2658 cuiprazcepta

1937 2686 2019 2733 est
2046 2678 2408 2743 circumcisio,
2443 2678 2526 2733 lex
2559 2695 2686 2742 non,
2712 2686 2763 2733 et
2792 2679 2944 2745 cujus
3000 2675 3292 2747 progenies
3349 2691 3525 2747 usque

1939 2768 2099 2821 hodie
2129 2767 2537 2822 circumciditur
2564 2770 2591 2820 ‘2
2620 2766 2873 2837 Nunquid
2903 2765 3048 2821 enim
3103 2780 3201 2835 per
3231 2763 3524 2820 circumci-

1939 2856 2149 2911 sionem
2182 2855 2329 2909 illam
2378 2855 2655 2910 salvantur
2681 2857 2708 2908 ‘?
2741 2854 2855 2909 Sed
2907 2853 3057 2909 dices
3090 2851 3213 2924 quia
3264 2853 3361 2917 sic,
3398 2860 3526 2908 tunc

1940 2943 2056 2999 sola
2085 2943 2427 2999 circumcisio
2457 2942 2663 2998 confert
2694 2942 2939 3007 salutem,
2973 2940 3331 3012 absquelegis
3355 2939 3525 3011 Moysi

1939 3031 2355 3101 complemento.
2393 3031 2447 3084 Si
2480 3046 2609 3086 vero
2639 3030 2789 3086 dices
2822 3046 2951 3096 non,
2982 3028 3190 3099 tibiipsi
3220 3028 3527 3084 contrarius

1941 3120 2069 3187 eris,
2107 3135 2227 3175 cum
2260 3118 2509 3189 superius
2538 3118 2757 3186 dixeris,
2793 3115 3264 3175 circumcisionem
3309 3131 3525 3172 causam

1942 3221 2063 3259 esse
2096 3203 2424 3257 salvationis.

210 3256 339 3311 nisi
366 3257 626 3328 placitum
658 3257 758 3313 Dei
804 3257 939 3314 scio.
998 3260 1292 3314 Utilitatem
1322 3268 1502 3316 autem
1550 3258 1830 3327 afferebat,
1863 3262 1910 3324 Ο
1950 3256 1991 3259 ’ί
2015 3256 2272 3357 λίπω,
2315 3301 2470 3356 nam,
2499 3308 2581 3354 es,
2613 3301 2758 3371 quod
2789 3300 2951 3356 dicis.

211 3354 358 3426 quia
392 3354 714 3411 salvationis
745 3365 857 3411 erat
884 3357 1126 3413 occasio.

306 3461 551 3514 Pn'rnus.
588 3461 668 3515 Ex
703 3462 887 3515 verbis
946 3462 1112 3533 igitur
1149 3464 1251 3517 tuis
1282 3464 1637 3535 perpenditur
1689 3465 1832 3535 quod

217 3549 470 3620 quilibet
502 3550 697 3621 quavis
718 3550 808 3604 die
827 3551 1179 3607 circumcisus
1233 3553 1300 3606 sit
1331 3554 1647 3618 salvabitur,
1680 3561 1733 3607 et
1763 3553 1833 3608 ita

215 3639 515 3693 incassum
547 3646 599 3692 et
620 3638 829 3709 absque
852 3639 1095 3708 proﬁcuo
1126 3640 1212 3694 die
1242 3652 1438 3696 octava
1464 3640 1576 3695 ﬁeri
1598 3642 1832 3709 jubetur.

217 3724 343 3780 Sed
381 3733 438 3779 et
468 3725 615 3780 aliud
645 3742 896 3797 quaerere
925 3728 1127 3797 placet.
1165 3728 1520 3784 Circumcisio
1542 3730 1628 3783 illa
1660 3739 1834 3783 utrum

218 3821 337 3875 alia
374 3837 444 3877 re
474 3822 543 3876 ad
575 3822 938 3877 salvationem
978 3824 1205 3897 indiget,
1230 3825 1314 3880 vel
1344 3825 1458 3896 ipsa
1506 3826 1623 3881 sola
1652 3826 1834 3881 salva-

217 3910 384 3964 tione
416 3910 669 3965 conferre
705 3910 849 3964 valet
881 3912 909 3965 ?

300 4007 568 4060 Marsus.
601 4006 733 4060 Alia
762 4006 941 4076 utique
967 4006 1192 4079 indiget,
1230 4008 1353 4080 quia
1382 4010 1448 4063 ad
1478 4010 1834 4065 salvationem

220 4094 554 4163 perfectam,
624 4102 825 4165 praeter
884 4095 1371 4162 circumcisionem,
1433 4098 1611 4168 legem
1666 4098 1836 4169 Moysi

220 4182 500 4252 compleri
522 4190 759 4253 oportet,
789 4192 841 4237 et
870 4184 1090 4237 modum
1129 4201 1237 4256 quo
1287 4185 1378 4240 tiat
1415 4195 1575 4256 potes
1622 4187 1832 4249 audire,

227 4270 279 4324 si
311 4270 524 4340 placet.
593 4272 649 4326 Si
681 4270 823 4325 enim
868 4273 992 4342 quis
1044 4281 1095 4326 et
1150 4273 1505 4328 circumcisus
1563 4274 1737 4342 fuerit,
1785 4284 1835 4329 et

223 4358 422 4431 legem
448 4366 613 4413 totam
647 4358 883 4413 ﬁdeliter
902 4360 1442 4432 custodierit,procul
1467 4362 1631 4417 dubio
1653 4362 1836 4417 salvus

219 4447 355 4501 erit.
390 4448 582 4503 Sivero
612 4446 966 4503 circumcisus
996 4448 1117 4517 erit,
1150 4457 1203 4505 et
1228 4450 1404 4523 legem
1437 4451 1488 4505 in
1510 4451 1835 4519 quibusdam

222 4559 342 4599 non
364 4544 662 4599 observare
708 4547 1137 4615 praesumpserit,
1172 4548 1435 4618 supplicia
1485 4548 1702 4617 quidem
1734 4563 1831 4619 pro

2019 3405 2259 3457 PETRUS.
2296 3401 2436 3469 Quid
2458 3401 2583 3456 item
2610 3401 2882 3469 judicabis
2911 3402 2979 3456 de
3008 3400 3324 3456 mulieribus
3351 3397 3529 3452 Judai-

1944 3492 2025 3547 cis
2048 3509 2168 3563 qua":
2226 3498 2495 3562 nequeunt
2526 3490 2863 3556 sireimcidi,
2922 3499 2971 3546 et
3000 3495 3180 3546 tamen
3232 3488 3529 3545 creduntur

1946 3590 2143 3643 salvari
2171 3589 2199 3643 ?

2016 3680 2259 3733 Morses.
2296 3678 2421 3732 Ideo
2451 3677 2668 3749 quidem
2700 3677 2993 3743 salvantur,
3028 3676 3171 3748 quod
3200 3676 3268 3731 de
3298 3673 3528 3729 homini-

1944 3776 2050 3828 bus
2080 3775 2411 3830 circumcisis
2438 3782 2746 3829 nascuntur.

2020 3880 2274 3933 Pnrnus.
2300 3878 2447 3947 Quid
2480 3895 2611 3949 ergo
2630 3879 2697 3933 de
2713 3878 2843 3932 Sara
2883 3886 2935 3933 et
2949 3877 3216 3941 Rebecca,
3248 3873 3452 3931 Rachel
3475 3882 3525 3928 et

1947 3967 2063 4031 Lia,
2096 3976 2148 4021 et
2180 3982 2345 4021 uxore
2368 3967 2537 4036 Moysi
2568 3966 2971 4036 Sephora,qua:
3002 3963 3360 4019 Madianitidis
3408 3961 3528 4025 fuit,

1946 4071 1999 4115 et
2033 4064 2313 4130 Ruth,qua2
2337 4070 2618 4123 etomues,
2652 4069 2706 4114 ut
2762 4061 3062 4123 credimus,
3096 4060 3261 4115 salvae
3292 4067 3436 4125 sunt,
3471 4064 3527 4112 et

1948 4160 2125 4206 tamen
2159 4151 2225 4204 de
2256 4150 2456 4204 Juda-is
2487 4157 2627 4203 natae
2656 4165 2761 4203 non
2795 4149 3007 4204 fuerunt
3034 4152 3061 4203 ‘?
3088 4149 3143 4205 Si
3168 4149 3311 4203 enim
3362 4146 3528 4202 salvae

1942 4237 2135 4294 futurae
2158 4254 2263 4292 non
2295 4246 2497 4304 essent,
2522 4238 2705 4307 utique
2763 4238 2859 4292 viri
2885 4238 2986 4306 sui,
3044 4237 3138 4309 qui
3164 4248 3217 4292 et
3247 4235 3420 4305 sancti
3478 4241 3532 4290 et

1944 4329 2223 4398 prophetae
2253 4335 2421 4393 erant,
2454 4342 2544 4381 eas
2571 4341 2668 4397 pro
2700 4326 2959 4382 uxoribus
2990 4342 3099 4381 non
3128 4326 3411 4394 haberent,
3440 4330 3533 4379 aut

1944 4417 1998 4470 in
2019 4416 2100 4471 eis
2128 4414 2266 4470 ﬁlios
2287 4423 2632 4485 generarent.

2018 4523 2275 4577 Movsus.
2312 4523 2389 4575 De
2420 4522 2522 4577 hoc
2552 4537 2680 4576 sane
2708 4521 2802 4576 tibi
2833 4521 2966 4577 dare
2979 4521 3529 4593 nescioegorespon-

224 4634 679 4705 transgressione
710 4608 1013 4699 sustinebit,
1057 4608 1154 4690 sed
1179 4608 1304 4691 inde
1337 4608 1517 4691 tamen
1547 4638 1613 4690 ad
1646 4608 1827 4691 salva-
1861 4613 1914 4674 D
1944 4628 2082 4676 sum!
2112 4610 2255 4679 quo“
2287 4609 2415 4664 mihi
2446 4625 2721 4681 nunquam
2751 4608 2847 4664 ίυίι
2878 4618 3184 4665 οδίθθδυωο
3222 4610 3300 4663 Tu
3348 4616 3529 4664 amem

225 4721 439 4776 tionem
474 4721 742 4775 transibit.
782 4720 939 4790 Quod
972 4723 1016 4776 si
1076 4730 1244 4778 totam
1291 4725 1467 4796 legem
1505 4725 1823 4793 servaverit,

226 4809 590 4865 circumcisus
620 4818 799 4865 autem
824 4827 929 4865 non
962 4810 1139 4881 fuerit,
1176 4829 1273 4882 per
1295 4813 1460 4879 nulla,
1495 4830 1616 4882 quze
1649 4813 1828 4884 patia-

229 4907 318 4953 tur
347 4899 615 4970 supplicia
643 4899 841 4953 salvari
873 4899 1145 4956 ullatenus
1175 4902 1387 4972 poterit.

308 4997 544 5051 Pin-aus.
576 4997 733 5053 Unde
754 4997 910 5052 vobis
965 4998 1275 5066 hujusmodi
1306 5000 1602 5055 credulitas
1664 5001 1825 5065 venit,

236 5099 360 5140 cum
412 5102 514 5141 nec
552 5085 785 5140 Abrahae
809 5101 910 5142 nec
965 5087 1139 5158 Moysi
1200 5089 1345 5143 Deus
1404 5088 1536 5141 illud
1591 5104 1829 5157 unquam

237 5174 568 5244 promiserit,
619 5190 720 5229 nec
775 5170 1038 5246 prapheta
1068 5175 1210 5230 ullus
1266 5177 1369 5232 hoc
1414 5193 1653 5245 unquam
1676 5178 1830 5232 dixe—

242 5271 361 5326 rit?

310 5361 555 5417 Mersus.
588 5360 713 5415 Non
744 5359 869 5415 illud
918 5360 1117 5432 quippe
1148 5361 1501 5433 intelligimus
1548 5381 1614 5420 ex
1649 5366 1830 5420 verbis

247 5467 354 5520 quae
382 5451 448 5505 ad
478 5448 758 5505 Abraham
785 5448 912 5504 dicit
963 5449 1225 5505 Dominus
1260 5469 1273 5505 ε
1307 5453 1606 5519 Masculus,
1638 5454 1826 5522 inquit,

243 5542 330 5612 qui
355 5556 469 5596 non
501 5536 953 5594 circumcidetur
964 5554 1137 5594 carne
1157 5542 1427 5611 praeputii
1444 5541 1829 5612 sui,disperiet

239 5631 425 5687 anima
453 5628 565 5684 illa
599 5623 668 5679 de
698 5639 897 5693 genere
921 5642 1021 5681 suo
1041 5626 1208 5695 (Gen.
1233 5634 1387 5697 xvn).
1420 5628 1520 5683 Per
1550 5630 1653 5686 hoc
1686 5629 1829 5683 enim

236 5720 473 5779 innuitur
505 5712 668 5786 quod
723 5711 813 5783 qui
843 5713 1198 5770 circumcisus
1249 5714 1410 5771 fuerit
1438 5732 1546 5773 non
1605 5715 1827 5788 peribit,

231 5812 332 5870 imo
368 5800 725 5864 salvabitur.

294 5903 550 5959 Ριτισε.
590 5887 902 5945 Secundum
950 5890 1110 5961 hujus
1130 5892 1465 5949 auctoritatis
1510 5902 1614 5950 tua:
1644 5891 1832 5964 expla-

1937 4708 2089 4775 mihi,
2118 4709 2163 4762 si
2193 4708 2352 4774 nosti,
2386 4705 2812 4763 circumcisionis
2841 4706 3022 4777 pande
3049 4705 3375 4777 proﬁcuum.

2013 4815 2270 4869 Pramus.
2310 4812 2663 4869 Circumcisio
2719 4812 2964 4883 profecto
2997 4819 3226 4883 propter
3252 4812 3356 4866 hoc
3399 4810 3530 4865 data

1940 4903 2053 4967 fuit,
2090 4912 2143 4957 ut
2174 4919 2312 4975 gens
2346 4901 2560 4957 Domini
2590 4901 2656 4955 ab
2703 4901 2823 4955 aliis
2854 4901 3108 4971 gentibus
3140 4899 3375 4955 discerni
3397 4914 3528 4969 pos‘

1936 5000 2018 5045 set
2046 4999 2095 5046 et
2125 4991 2378 5063 agnosci.
2418 4990 2497 5044 Ad
2528 4989 2681 5058 cujus
2703 4990 2867 5045 etiam
2917 4989 3097 5061 gentis
3123 4987 3392 5059 majorem
3448 4986 3527 5041 di-

1937 5079 2286 5143 scretionem,
2319 5085 2650 5150 praeceptum
2683 5086 2765 5133 est
2780 5082 2833 5133 et
2846 5076 3012 5145 aliud,
3033 5076 3283 5133 videlicet
3311 5092 3379 5132 ne
3406 5075 3528 5147 quis

1936 5169 2005 5223 de
2034 5168 2137 5223 alia
2166 5167 2311 5221 tribu
2341 5168 2568 5222 duceret
2588 5182 2811 5222 uxorem
2835 5167 3025 5236 (Num.
3062 5166 3285 5233 xxxvr).
3318 5164 3392 5219 Et
3419 5165 3526 5219 hoc

1938 5265 2157 5336 quidem
2190 5271 2357 5319 totum
2376 5272 2709 5334 praeeentum
2725 5268 2959 5335 est,quta
2985 5263 3052 5318 de
3066 5262 3276 5319 semine
3294 5261 3527 5317 Abrahm

1937 5362 1991 5409 et
2018 5354 2141 5425 lege
2169 5353 2360 5423 Moysi,
2387 5360 2439 5407 et
2461 5352 2605 5407 tribu
2635 5352 2792 5416 Juda,
2824 5352 3077 5408 Christus
3101 5358 3363 5407 venturus
3388 5357 3520 5415 erat,

1937 5460 1995 5505 ut
2026 5451 2293 5517 videlicet,
2314 5466 2439 5505 cum
2470 5450 2703 5519 veniret,
2747 5459 2929 5522 posset
2948 5450 3197 5523 agnosci,
3255 5448 3381 5522 quia
3409 5448 3526 5520 ipse

1937 5549 2103 5605 esset,
2128 5548 2178 5594 et
2209 5554 2279 5593 ne
2309 5539 2378 5594 de
2408 5538 2511 5593 alia
2538 5538 2752 5594 natione
2782 5539 2908 5611 quis
2940 5546 3210 5612 surgeret,
3237 5538 3330 5607 qui
3373 5537 3528 5593 Chri-

1940 5636 2081 5684 stum
2100 5645 2221 5683 esse
2271 5644 2333 5683 se
2386 5627 2612 5691 diceret,
2659 5635 2712 5681 et
2768 5627 2927 5683 sicin
2981 5644 3225 5683 errorem
3266 5626 3528 5681 mundum

1937 5716 2247 5772 dimitteret.
2270 5717 2334 5770 Et
2363 5716 2510 5785 quod
2540 5714 2608 5769 ad
2639 5716 2819 5786 gentis
2847 5715 3252 5781 discretionem,
3276 5713 3536 5770 mandata

1938 5805 2096 5861 fuerit
2123 5804 2485 5871 circumcisio,
2502 5820 2630 5869 non,
2650 5812 2704 5859 ut
2727 5804 2926 5871 dixisti,
2941 5805 3009 5859 ad
3031 5803 3405 5861 salvationem.
3419 5800 3531 5858 duo

1939 5909 2068 5949 sane
2097 5894 2370 5950 habemus
2385 5901 2728 5967 argumenta.
2744 5894 2921 5951 Unum
2934 5893 3154 5966 quidem
3168 5893 3310 5963 quod
3323 5906 3506 5963 praece
3526 5921 3540 5931 -
