3966 6408
481 419 586 478 659

478 551 630 616 ptum
664 549 828 609 esset,
862 541 982 598 fieri
1007 549 1199 598 octava
1220 541 1330 612 die,
1353 549 1529 596 etnon
1557 548 1713 596 antea
1735 547 1959 612 propter
1973 540 2076 594 hoc
2107 540 2161 600 Α

481 633 630 706 quod
659 648 760 688 nec
788 643 910 687 ante
927 639 1177 687 octavam
1198 631 1341 685 diem
1364 645 1504 700 puer
1525 644 1557 683 a
1575 638 1746 684 matre
1766 635 2076 700 separatur,

479 745 583 786 nec
614 729 845 786 formido
873 728 988 784 ulla
1018 728 1268 793 habetur,
1302 727 1449 798 quod
1478 726 1599 782 aliis
1645 725 2078 784 commisceatur.

479 819 568 875 die
595 825 778 874 autem
838 825 1037 874 octava
1093 831 1202 889 qua
1231 815 1298 871 de
1330 815 1424 870 illa
1469 815 1768 886 pollutione
1824 813 2086 870 mundari

482 907 674 963 mulier
700 922 765 962 ac
793 905 962 960 lavari
1006 905 1342 978 praecipitur,
1400 904 1716 976 priusquam
1739 905 1844 960 hoc
1901 902 2081 969 faciat,

485 1019 622 1075 puer
652 1001 1082 1068 circumciditur,
1104 1017 1172 1057 ne
1196 1009 1408 1057 remota
1433 1008 1609 1056 matre
1641 1001 1963 1067 cambiatur,
1990 1016 2085 1055 seu

483 1091 622 1146 alius
663 1090 1083 1147 commisceatur
1135 1091 1289 1161 (Lev.
1355 1091 1480 1160 xu).
1547 1089 1709 1144 Aliud
1752 1105 1885 1144 vero
1943 1089 2087 1160 quod

484 1187 840 1260 quadraginta
869 1187 1046 1254 annis,
1079 1186 1276 1259 quibus
1296 1186 1350 1241 in
1373 1187 1593 1242 deserto
1624 1185 1719 1240 filii
1759 1185 1936 1241 Israel
1966 1202 2088 1242 mo-

482 1275 590 1332 rati
634 1283 780 1341 sunt,
825 1290 1018 1331 omnes
1057 1275 1150 1347 qui
1180 1275 1385 1331 ibidem
1434 1276 1547 1350 nati
1601 1283 1726 1329 sunt
1781 1274 2090 1330 circumcisi

487 1379 594 1420 non
633 1363 869 1430 fuerunt,
905 1379 969 1419 ex
1002 1379 1110 1435 quo
1139 1372 1324 1418 autem
1379 1363 1449 1418 ad
1474 1371 1680 1418 terram
1735 1363 2086 1418 habitabilem

485 1461 768 1517 venerunt,
801 1468 871 1507 ne
922 1451 1044 1506 aliis
1073 1451 1338 1521 gentibus
1369 1452 1748 1520 miscerentur,
1782 1451 1962 1506 statim
1992 1467 2092 1522 per

485 1550 651 1604 Josue
679 1565 710 1602 a
731 1549 970 1604 Domino
1027 1547 1346 1604 circumcidi
1389 1549 1527 1618 jussi
1559 1557 1702 1615 sunt,
1736 1548 1875 1604 sicut
1933 1549 2086 1602 inve-

487 1637 645 1693 niunt
676 1637 769 1707 qui
795 1637 967 1708 ipsius
994 1637 1159 1692 Josue
1188 1636 1389 1692 librum
1421 1637 1611 1710 legunt
1633 1638 1774 1708 (los.
1813 1640 1895 1706 v).
1933 1636 2089 1706 Quod

487 1741 668 1789 autem
726 1733 1224 1801 circumcisionem,
1298 1733 1625 1790 salvationis
1667 1750 1891 1790 causam
1966 1751 2090 1789 esse

485 1829 690 1898 dixisti,
722 1830 910 1903 utique
965 1830 1312 1886 circumcisio
1369 1839 1576 1886 tantum
1631 1847 1796 1888 causa
1828 1847 1939 1887 non
1994 1830 2092 1886 fuit

1404 415 1606 472 PETRI
1645 413 2004 470 ALPHONSI
2041 412 2141 470 EX
2177 415 2422 472 JUDEO
2462 414 2866 472 CHRISTIANI

3703 412 3824 470 660

2261 543 2310 595 Μ
2315 557 2488 595 orsus
2501 583 2513 596 .
2553 543 2598 596 Α
2631 543 2834 613 Moyse.

2263 649 2510 720 PETRUS.
2537 647 2758 703 Falsum
2785 656 2893 704 est.
2928 649 2996 704 Et
3027 648 3154 703 inde
3184 647 3294 702 duo
3323 645 3590 702 habemus
3613 659 3802 716 argu-

2194 752 2400 810 menta,
2434 761 2622 810 unum,
2647 746 2794 815 quod
2823 759 2946 800 cum
2992 745 3257 800 Dominus
3288 742 3463 814 Moysi
3493 742 3563 798 de
3619 750 3821 796 extra-

2193 832 2312 886 neis
2331 841 2664 903 praeceptum
2681 833 2855 900 daret,
2873 833 3065 888 dicens
3097 853 3115 888 :
3151 834 3209 890 Si
3227 833 3349 904 quis
3365 833 3818 904 peregrinorum

2194 922 2254 976 in
2283 925 2526 976 vestram
2541 922 2780 976 voluerit
2799 923 3048 977 transire
3065 921 3430 986 coloniam,et
3443 923 3635 990 facere
3658 920 3816 973 Pha-

2194 1025 2251 1063 sc
2272 1009 2514 1072 Domini,
2536 1009 2979 1065 circumcidetur
3023 1011 3186 1081 prius
3212 1023 3376 1064 omne
3407 1007 3816 1063 masculinum.

2194 1099 2336 1165 eius.
2361 1100 2571 1152 ettunc
2603 1099 2716 1152 rite
2733 1097 3053 1162 celebrabit,
3088 1097 3306 1169 eritque
3345 1097 3496 1150 sicut
3526 1095 3817 1166 indigena

2197 1186 2579 1253 terrce(Ea:od.
2615 1186 2731 1252 xu).
2765 1185 2980 1256 Utique,
3015 1187 3060 1239 si
3092 1186 3391 1256 baptismus
3419 1193 3546 1240 tunc
3591 1199 3815 1237 neces-

2197 1283 2375 1337 sarius
2405 1291 2573 1348 esset,
2605 1282 2779 1352 ipsum
2813 1283 2948 1337 sicut
2966 1291 3015 1337 et
3037 1282 3503 1338 circumcisionem
3519 1280 3813 1352 praecipe-

2198 1378 2302 1436 ret,
2336 1381 2388 1426 et
2419 1387 2540 1426 cum
2566 1371 2770 1427 nechic
2787 1371 3183 1441 ubipraeripue,
3209 1371 3256 1426 si
3275 1386 3463 1426 verum
3484 1369 3814 1440 essetquod

2196 1459 2354 1521 dicis,
2377 1459 2626 1524 deberet,
2679 1475 2780 1515 nec
2827 1476 3052 1530 usquam
3111 1460 3241 1514 alibi
3296 1459 3422 1513 inde
3464 1459 3812 1512 mentionem

2199 1548 2388 1603 fecerit
2419 1549 2656 1616 Moyses,
2693 1564 2789 1603 vos
2824 1549 2974 1602 illum
3006 1548 3074 1602 ab
3133 1563 3198 1603 eo
3227 1547 3557 1603 addidicisse
3612 1546 3812 1600 nulla-

2195 1643 2357 1691 tenus
2385 1637 2690 1707 approbare
2715 1643 2900 1708 potes.
2930 1637 3092 1691 Aliud
3125 1651 3256 1692 vero
3276 1643 3656 1708 argumentum
3692 1643 3807 1700 est,

2199 1733 2344 1803 quod
2374 1733 2632 1800 doctores
2662 1734 2852 1801 vestri,
2887 1733 2963 1787 illi
3004 1733 3223 1805 quidem
3247 1733 3338 1804 qui
3358 1741 3482 1788 ante
3524 1733 3806 1788 Christum

2203 1823 2420 1877 fuerunt
2446 1837 2718 1894 nunquam
2770 1822 2838 1877 de
2871 1822 3140 1892 baptismo
3164 1821 3256 1878 illo
3280 1821 3570 1894 quidquam
3626 1819 3808 1876 locuti

484 1920 602 1990 ejus
632 1917 730 1986 rei,
762 1919 873 1974 imo
895 1919 1059 1976 etiam
1088 1917 1226 1974 ﬁdes
1247 1919 1409 1983 bona,
1433 1919 1704 1976 sacrificia
1732 1928 1898 1992 atque
1918 1935 2089 1992 opera
2121 1893 2172 1952 Β
2201 1928 2343 1985 sunt,
2365 1935 2464 1989 per
2520 1919 2663 1990 quod
2721 1918 2866 1973 illum
2925 1934 2961 1974 a
2985 1919 3170 1990 Moyse
3225 1934 3318 1974 vos
3364 1933 3473 1973 non
3518 1917 3808 1988 accepisse

485 2024 657 2083 recta,
692 2024 746 2073 et
775 2025 907 2088 post
932 2016 1114 2072 datam
1147 2016 1644 2083 circumcisionem,
1676 2026 1728 2072 et
1755 2025 1935 2083 antea,
1955 2017 2089 2073 sicut

480 2113 631 2178 patet
683 2105 742 2160 in
791 2105 986 2171 Adam,
1047 2103 1198 2170 Seth,
1229 2105 1443 2172 Enoch,
1475 2105 1803 2174 Mathusale,
1863 2107 1984 2162 Noe
2041 2116 2095 2161 et

484 2200 630 2268 Scm,
683 2199 787 2256 Job
844 2207 899 2254 et
925 2197 1092 2254 sociis
1119 2198 1237 2267 ejus
1268 2207 1434 2272 atque
1461 2199 1709 2257 Judaicis
1737 2200 2088 2260 mulieribus,

485 2299 580 2373 qui
607 2313 802 2354 omnes
845 2297 963 2354 sine
1017 2297 1468 2365 circumcisione,
1523 2297 1632 2354 ﬁde
1689 2301 1840 2355 recta
1893 2292 2088 2355 salvati

486 2394 632 2454 sunt,
661 2401 726 2444 ac
755 2385 914 2442 bonis
945 2387 1225 2458 operibus.
1250 2386 1394 2456 Quin
1424 2387 1590 2442 etiam
1645 2385 1856 2442 nullum
1883 2387 2088 2459 praedi-

489 2483 705 2534 ctorum
735 2475 1058 2530 salvationis
1086 2491 1349 2548 generum
1382 2475 1612 2530 salutem
1625 2475 1956 2545 conferebat,
1983 2477 2090 2531 nisi

491 2573 572 2628 eis
601 2580 806 2627 tantum
839 2571 934 2644 qui
965 2572 1357 2628 discretionem
1375 2573 1660 2640 habentes,
1681 2572 1879 2628 Christi
1901 2574 2092 2630 crede-

490 2661 617 2716 bant
648 2660 966 2722 adventum,
999 2668 1054 2715 et
1099 2676 1158 2715 se
1182 2660 1382 2716 salvari
1423 2677 1587 2732 posse
1614 2677 1723 2718 non
1777 2663 2090 2730 credebant,

490 2749 596 2804 nisi
624 2764 724 2820 per
751 2764 900 2804 eum.
941 2747 1077 2804 Cum
1134 2763 1266 2804 vero
1295 2749 1542 2804 Christus
1599 2750 1839 2806 salvator
1887 2751 2093 2807 scilicet

493 2852 655 2910 quem
675 2837 1069 2907 exspectabant
1083 2837 1323 2905 advenit,
1337 2846 1394 2892 ut
1417 2838 1589 2910 Moysi
1620 2838 1801 2911 legem
1847 2840 2091 2911 comple-

491 2941 596 3004 ret,
627 2933 945 2990 circumcidi
976 2950 1037 2990 se
1068 2933 1262 3000 voluit,
1297 2943 1352 2990 et
1380 2944 1438 2992 ut
1468 2936 1632 2990 etiam
1679 2953 1778 3006 per
1806 2939 1908 2992 hoc
1937 2946 2090 3008 pate-

495 3031 667 3078 scere!
698 3023 846 3094 quod
874 3022 944 3077 de
976 3023 1184 3078 semine
1213 3023 1472 3093 Abrahae,
1525 3032 1579 3078 et
1633 3025 1758 3094 lege
1788 3026 1981 3096 Moysi,
2040 3034 2094 3080 et

493 3110 639 3166 tribu
667 3110 824 3176 Juda,
857 3109 995 3166 sicut
1021 3109 1398 3182 praediximus,
1433 3111 1622 3168 venire
1651 3113 1896 3168 deberet.
1927 3117 2092 3168 Com-

491 3207 655 3279 pletis
685 3223 822 3280 ergo
854 3207 1110 3263 omnibus
1145 3217 1372 3278 propter
1429 3226 1552 3280 quae
1578 3209 1922 3266 circumcisio
1971 3210 2092 3265 data

491 3295 612 3362 fuit,
640 3297 751 3367 jam
785 3311 946 3351 nemo
968 3296 1198 3351 ulterius
1220 3297 1658 3367 circumcisione,
1693 3299 1820 3370 quia
1849 3315 1952 3354 nec
1989 3317 2093 3370 ge-

492 3385 642 3440 neris
671 3385 854 3454 aliqua
883 3383 1216 3440 discretione
1249 3384 1484 3456 indiguit
1514 3387 1658 3455 (Col.
1693 3389 1794 3455 Ill).
1833 3387 2094 3458 Quisquis

492 3472 636 3528 enim
686 3474 751 3528 ad
787 3473 970 3545 legem
1001 3473 1202 3528 Christi
1233 3490 1297 3528 se
1334 3474 1650 3538 conferens,
1701 3477 2094 3546 cujuscumque

492 3569 715 3641 generis
745 3585 809 3625 ac
827 3569 1029 3642 linguae
1059 3569 1149 3636 sit,
1169 3568 1349 3625 fidelis
1372 3578 1576 3625 tantum
1599 3587 1724 3628 esse
1757 3572 1906 3634 velit,
1941 3583 2096 3628 crete-

490 3657 568 3712 ris
596 3657 917 3713 Christianis
943 3672 1048 3729 par
1087 3657 1290 3713 existit.
1325 3659 1620 3726 Praeterea,
1679 3668 1965 3732 postquam
1996 3661 2098 3714 ba—

489 3746 722 3817 ptismus
753 3745 924 3813 venit,
955 3761 1081 3801 cum
1115 3745 1237 3817 ipse
1267 3747 1548 3818 generalis
1577 3748 1808 3804 salvatio
1856 3749 2096 3804 virorum

488 3858 554 3898 ac
583 3843 873 3914 mulierum
921 3844 1011 3912 sit,
1038 3844 1152 3914 jam
1182 3843 1321 3898 ultra
1354 3843 1706 3901 circumcisio
1737 3845 1805 3900 ad
1835 3846 2093 3902 salvatio-

495 3949 619 3988 nem
653 3933 976 3989 necessaria
1031 3948 1144 3988 non
1199 3932 1322 3988 fuit.
1391 3932 1660 4001 Quoniam
1708 3933 1874 4006 igitur
1920 3935 2096 3992 modis

488 4021 744 4077 omnibus
773 4029 1056 4077 ostensum
1093 4027 1185 4077 est
1216 4021 1688 4078 circumcisionem
1745 4031 1868 4094 post
1897 4025 2094 4080 Christi

497 4117 790 4174 adventum
822 4116 1194 4174 necessariam
1223 4132 1335 4172 non
1355 4117 1637 4185 esse,ideo
1664 4123 2096 4194 patenteragno-

492 4229 650 4271 scere
675 4221 857 4286 potes,
891 4229 990 4270 cur
1011 4229 1132 4268 eam
1149 4212 1384 4285 apostoli
1405 4227 1756 4287 nequaquam
1785 4213 1904 4270 ﬁeri
1950 4232 2092 4286 prae-

494 4315 716 4374 cepere.

566 4409 832 4465 Movsas.
875 4409 947 4463 Et
977 4409 1020 4463 si
1043 4423 1160 4464 eam
1192 4423 1300 4464 non
1317 4417 1713 4481 praeceperunt,
1746 4425 1917 4482 quare
1935 4411 2094 4466 etiam

492 4496 609 4554 ﬁeri
635 4497 1035 4570 prohibuerunt
1060 4497 1090 4552 τ

571 4605 816 4661 Penus.
850 4604 978 4661 Ideo
999 4605 1184 4679 utique
1207 4605 1408 4675 fecere,
1440 4621 1512 4662 ne
1538 4610 1858 4676 reputarent
1918 4606 2092 4662 homi-

497 4709 596 4750 nes
619 4702 678 4748 ut
703 4693 1033 4765 baptismum
1053 4695 1131 4750 ita
1151 4703 1206 4751 et
1240 4693 1716 4752 circumcisionem
1747 4694 2100 4750 salvationem

498 4782 768 4850 conferre,
798 4783 887 4840 vel
911 4783 1416 4848 circumcisionem,
1449 4782 1805 4838 salvationem
1838 4798 1948 4838 una
1975 4801 2099 4839 cum

499 4871 624 4943 ipso
653 4871 1001 4943 baptismate,
1033 4881 1087 4928 et
1114 4872 1191 4928 ita
1232 4873 1286 4928 in
1318 4887 1568 4928 errorem
1597 4871 1930 4938 deciderent,
1965 4872 2104 4928 sicut

499 4960 811 5017 Nestoriani
839 4969 894 5016 et
923 4961 1212 5028 Jacobitaz,
1233 4961 1551 5034 quinullum
1582 4959 1866 5016 hominem
1879 4960 2102 5017 salvari-

500 5065 665 5122 posse
695 5055 907 5120 putant,
952 5049 1061 5106 nisi
1114 5066 1215 5122 per
1245 5059 1556 5121 utrumque,
1608 5057 1662 5104 et
1711 5050 1850 5106 sicut
1896 5049 2100 5121 vosipsi

499 5137 756 5211 quisquis
784 5138 948 5195 hodie
965 5139 1037 5195 de
1066 5145 1300 5195 externa
1356 5138 1621 5211 progenie
1648 5138 1715 5192 ad
1772 5139 1955 5211 legem
1999 5156 2101 5194 ve-

499 5235 665 5284 stram
699 5227 934 5284 voluerit
961 5228 1227 5294 converti,
1278 5228 1326 5282 si
1354 5227 1440 5283 vir
1467 5228 1537 5281 sit
1565 5227 1804 5298 primum
1861 5227 2099 5284 circum-

498 5317 626 5384 cidi,
650 5325 704 5374 et
723 5325 911 5388 postea
953 5317 1250 5390 praecipitis
1301 5316 1582 5389 baptizari,
1632 5315 1680 5372 si
1709 5331 1844 5372 vero
1898 5315 2102 5372 femina

497 5413 706 5462 tantum
733 5405 1023 5476 baptizari.

569 5520 832 5575 Movsas.
871 5519 953 5574 Ex
970 5519 1092 5576 istis
1120 5520 1228 5576 tuis
1275 5519 1518 5575 innuitnr
1550 5518 1898 5575 sermonibus
1954 5521 2096 5591 quod

497 5622 598 5663 nos
655 5621 766 5662 non
813 5607 922 5662 nisi
969 5617 1094 5679 post
1147 5609 1351 5664 Christi
1408 5609 1705 5664 adventum
1756 5607 2089 5679 baptismum

499 5695 809 5765 fecerimus,
842 5696 997 5767 quasi
1025 5698 1094 5753 ab
1123 5696 1245 5768 ipso
1273 5697 1424 5752 illum
1457 5697 1678 5752 Christo
1730 5697 2098 5753 addidicisse-

495 5798 636 5840 Inus.

565 5884 819 5941 Parens.
853 5881 909 5938 Si
934 5883 1003 5939 ab
1035 5883 1157 5957 ipso
1190 5897 1322 5954 non,
1353 5898 1387 5942 a
1415 5899 1522 5958 quo
1539 5899 1674 5958 ergo
1705 5881 2044 5940 addidicistis
2069 5885 2098 5937 ?

2200 2008 2508 2062 ostendunt.
2545 2005 2651 2074 Qui
2681 2022 2814 2062 vero
2841 2015 2965 2078 post
2996 2006 3196 2061 Christi
3230 2007 3519 2062 adventum
3547 2005 3804 2073 fuerunt,

2203 2095 2531 2166 baptismum
2558 2095 2628 2150 ab
2684 2095 2804 2165 ipso
2835 2095 3141 2150 didicerunt
3197 2103 3249 2150 et
3277 2095 3350 2149 ita
3379 2111 3500 2150 eum
3555 2094 3808 2151 circum-

2201 2191 2396 2250 cisioni
2421 2191 2866 2260 commiscentes,
2901 2192 2960 2246 in
2989 2207 3226 2248 errorem
3257 2191 3516 2264 populum
3566 2191 3804 2246 dimise-

2203 2298 2348 2345 runt.

2269 2405 2507 2460 Movsas
2520 2445 2533 2458 .
2569 2405 2652 2460 De
2663 2403 3078 2460 circumcisione
3093 2403 3239 2476 quod
3253 2403 3428 2476 placet
3439 2402 3800 2474 respondisti.

2202 2494 2310 2550 Sed
2341 2493 2470 2564 quid
2501 2493 2652 2548 dices
2680 2493 2844 2548 modo
2873 2493 2943 2548 de
2974 2493 3062 2548 die
3107 2493 3346 2559 Sabbati,
3397 2507 3554 2564 quem
3584 2501 3636 2547 et
3651 2491 3803 2548 mul-

2201 2591 2274 2646 tis
2293 2591 2347 2646 in
2374 2591 2510 2646 locis
2535 2591 2796 2646 Dominus
2817 2605 2919 2660 per
2949 2591 3171 2660 Moysen
3199 2589 3464 2662 praecepit
3491 2589 3798 2654 observari,

2200 2689 2252 2735 et
2279 2696 2378 2751 per
2407 2680 2649 2750 seipsum
2691 2679 2920 2750 loquens
2973 2679 3043 2734 ad
3101 2677 3242 2734 filios
3299 2679 3472 2732 Israel
3495 2679 3564 2734 de
3615 2686 3802 2732 monte

2200 2767 2371 2834 Sinai,
2404 2776 2456 2822 et
2485 2767 2648 2836 cujus
2676 2767 3074 2822 observationis
3130 2775 3466 2837 praeceptum
3497 2767 3551 2820 in
3603 2766 3802 2820 tabulis

2198 2857 2434 2926 lapideis
2465 2855 2561 2910 fuit
2597 2856 2857 2926 scriptum
2912 2855 2988 2910 ita
3021 2871 3034 2910 :
3069 2856 3358 2919 Memento,
3417 2855 3586 2926 inquit
3630 2855 3798 2920 Deus,

2200 2949 2268 3000 ut
2283 2945 2432 3000 diem
2447 2945 2676 3000 Sabbati
2693 2945 3014 3013 sanctiﬁces
3030 2945 3057 2997 ‘?
3072 2943 3246 3000 Exod.
3278 2959 3350 2997 xx
3378 2963 3392 3009 ς
3419 2944 3582 3000 Deut.
3628 2944 3706 3010 v.)
3735 2943 3803 2996 Et

2199 3047 2425 3088 causam
2470 3032 2650 3086 subdit
2696 3033 2750 3086 in
2799 3033 3183 3103 sequentibus,
3226 3031 3416 3087 dicens
3452 3031 3606 3086 :Sea:
3646 3036 3801 3086 enim

2200 3121 2392 3176 diebus
2409 3121 2547 3190 fecit
2569 3123 2714 3176 Deus
2733 3121 2936 3176 cretum
2959 3124 3016 3176 et
3035 3124 3251 3175 terram
3264 3124 3318 3174 et
3342 3135 3518 3186 mare,
3541 3121 3802 3175 etomnia

2202 3225 2324 3282 qua:
2344 3211 2407 3264 in
2429 3209 2509 3264 eis
2541 3212 2697 3274 sunt,
2729 3213 2785 3263 et
2802 3209 3074 3280 requievit
3093 3210 3154 3264 in
3171 3210 3260 3265 die
3288 3211 3552 3280 septimo.
3591 3208 3800 3264 Idcirco

2153 3286 2172 3310 ¹
2205 3298 2492 3353 benedixit
2507 3297 2784 3352 Dominus
2797 3297 2946 3352 diem
2961 3297 3198 3366 Sabbati,
3208 3301 3264 3352 et
3275 3297 3660 3364 sancti/ienuit
3671 3313 3795 3352 eum

2203 3385 2408 3456 (ibid),
2451 3377 2505 3440 et
2559 3395 2828 3457 prazterea
2911 3385 3155 3455 lapidare
3213 3386 3492 3456 praecepit,
3543 3385 3634 3456 qui
3689 3400 3795 3438 non

2206 3482 2584 3537 observaverit
2615 3482 2763 3538 illum
2795 3483 2963 3553 (Num
3001 3484 3120 3550 xv).
3167 3481 3410 3552 Apostoli
3443 3491 3622 3537 autem
3677 3497 3796 3536 eum

2206 3587 2552 3651 respuerunt,
2619 3587 2672 3635 et
2727 3579 2873 3634 diem
2943 3579 3108 3634 alium
3165 3578 3448 3634 observari
3520 3594 3794 3650 praecepe-

2207 3677 2348 3724 runt.

2281 3794 2522 3849 Paravs.
2559 3794 2702 3849 Sane
2721 3793 2866 3864 quod
2883 3791 3028 3848 diem
3051 3791 3201 3848 illum
3218 3792 3491 3848 Dominus
3520 3791 3794 3849 observari

2203 3881 2484 3952 praecepit,
2517 3880 2569 3934 in
2593 3879 2801 3935 exordii
2833 3880 3037 3943 mundi,
3055 3880 3400 3946 memoriam,
3419 3879 3559 3936 sicut
3591 3881 3789 3946 dixisti,

2205 3978 2258 4025 et
2288 3971 2364 4025 rei
2401 3970 2684 4039 cujusdam
2712 3968 2930 4025 alterius
2985 3985 3104 4040 qua:
3136 3976 3358 4025 ventura
3413 3977 3531 4024 erat
3585 3968 3788 4042 signum

2203 4067 2350 4124 fecit.

2275 4175 2529 4230 Movsss.
2564 4174 2631 4228 Et
2656 4189 2778 4246 qua:
2808 4181 2926 4230 erat
2955 4189 3046 4229 res
3074 4171 3170 4228 illa
3203 4180 3454 4228 ventura.

2279 4292 2516 4346 PETRUS.
2551 4289 2832 4346 Adventus
2893 4288 3114 4354 Christi,
3147 4288 3238 4360 qui
3267 4287 3452 4344 omnia
3480 4304 3646 4360 opera
3697 4304 3790 4344 sua

2205 4395 2323 4452 qua!
2354 4379 2406 4432 in
2440 4378 2642 4433 mundo
2672 4377 2866 4433 vivens
2895 4377 3147 4455 patravit,
3175 4383 3330 4431 sexto
3361 4375 3470 4442 die,
3521 4377 3574 4431 id
3605 4385 3679 4432 est
3707 4377 3788 4433 die

2205 4478 2434 4534 Veneris
2465 4475 2776 4546 complevit,
2810 4475 3028 4546 quando
3051 4490 3152 4546 pro
3169 4473 3325 4529 nobis
3353 4482 3583 4530 mortem
3612 4490 3787 4530 susce-

2129 4591 2177 4650 D
2209 4567 2308 4636 pit.
2349 4567 2450 4620 Die
2473 4573 2654 4620 autem
2685 4565 2936 4634 septimo,
2968 4564 3024 4618 id
3053 4572 3136 4620 est
3164 4563 3251 4618 die
3274 4563 3494 4619 Sabbati
3515 4563 3784 4635 requievit,

2209 4655 2337 4726 quin
2372 4663 2421 4708 et
2450 4670 2640 4708 omnes
2671 4653 2764 4726 qui
2794 4662 2916 4708 ante
2948 4661 3179 4708 mortem
3212 4669 3363 4706 suam
3393 4651 3445 4705 in
3479 4669 3537 4708 se
3573 4651 3786 4708 creden-

2205 4751 2289 4798 tes
2334 4743 2602 4810 obierant,
2650 4759 2838 4796 secum
2893 4741 2960 4796 ab
3000 4741 3197 4796 inferni
3251 4739 3536 4796 doloribus
3587 4741 3783 4812 requie-

2205 4849 2360 4887 scere
2390 4831 2545 4886 fecit.
2585 4831 2868 4900 Completo
2913 4839 3092 4884 autem
3130 4829 3224 4885 illo
3282 4831 3435 4897 cujus
3490 4829 3784 4884 observatio

2205 4919 2437 4976 Sabbati
2462 4919 2678 4991 signum
2711 4919 2828 4986 fuit,
2855 4918 2966 4988 jam
3013 4917 3145 4972 illud
3205 4919 3344 4972 ultra
3401 4917 3674 4973 observari
3700 4934 3782 4972 ne-

2207 5024 2362 5065 cesse
2378 5024 2490 5062 non
2523 5007 2642 5063 fuit.

2275 5125 2524 5179 Movses.
2549 5122 2856 5179 Secundum
2878 5122 3038 5178 verba
3058 5121 3218 5190 tua,si
3231 5120 3544 5176 observatio
3557 5119 3776 5190 Sabbati,

2202 5213 2318 5282 ejus
2349 5227 2508 5284 quam
2532 5212 2670 5268 dicis
2701 5211 2776 5266 rei
2808 5209 3022 5283 signum
3056 5211 3168 5276 fuit,
3192 5209 3464 5280 completa
3492 5208 3601 5278 illa,
3632 5209 3776 5265 multo

2202 5310 2382 5383 magis
2412 5309 2695 5366 observari
2745 5308 2948 5373 debuit,
2982 5317 3090 5364 tum
3127 5308 3196 5364 ob
3247 5307 3566 5362 memoriam
3611 5307 3776 5362 mundi

2203 5399 2432 5466 exordii,
2467 5402 2579 5454 tum
2609 5398 2678 5454 ob
2715 5405 3020 5453 sanctorum
3047 5396 3291 5469 requiem
3318 5411 3351 5451 a
3376 5394 3652 5451 doloribus
3699 5395 3774 5450 in-

2201 5497 2342 5552 ferni
2357 5538 2370 5550 .

2275 5618 2511 5670 Pnaus.
2557 5615 2679 5669 Non
2711 5621 2812 5680 est,
2873 5614 3060 5685 utique
3117 5628 3206 5667 res
3227 5620 3284 5666 ut
3342 5613 3497 5667 reris.
3543 5615 3772 5672 Parentes

2201 5705 2345 5761 enim
2379 5707 2562 5768 vestri,
2614 5702 2708 5774 qui
2766 5709 2892 5756 ante
2947 5706 3242 5756 adventum
3299 5701 3520 5756 fuerunt
3574 5704 3766 5770 Christi,

2201 5793 2342 5849 diem
2401 5792 2758 5848 observarunt
2813 5789 3053 5856 Sabbati,
3114 5801 3167 5844 et
3219 5790 3290 5844 ob
3351 5791 3688 5861 memoriam,
3715 5801 3764 5848 ut

2199 5882 2404 5940 dictum
2459 5887 2560 5951 est,
2619 5878 2810 5936 mundi
2856 5879 3084 5948 exordii,
3121 5887 3174 5936 et
3203 5879 3326 5952 quia
3365 5879 3559 5938 eadem
3585 5880 3669 5938 die
3684 5897 3768 5954 per
