3966 6464
210 402 289 464 661
1796 436 1874 491 DL

1997 438 2105 494 lGl.

3485 445 3589 500 662

220 535 505 636 Cyri“ng
531 563 608 604 Se
639 554 1041 626 retittiescere
1069 555 1276 611 debere
1328 558 1640 625 credebant,
1674 575 1705 614 a
1736 560 1895 615 dolo-
1924 561 1981 621 Α
2010 562 2272 618 debemus
2328 580 2427 621 nos
2472 564 2776 631 celebrare,
2854 572 3079 636 prOpter
3134 566 3592 621 resurrectionem

228 627 364 687 ribus
414 634 682 694 inferni.
750 643 900 697 Post
974 646 1436 702 resurrectionem
1501 664 1631 703 vero
1676 649 1893 714 Christi,

234 746 345 802 quae
389 748 584 791 causa
639 737 759 793 fuit.
809 739 1146 797 Christianae
1191 744 1542 810 credulitatis,
1575 754 1627 799 et
1654 746 1896 800 creduli-

241 828 322 876 tas
366 838 549 879 causa
614 827 989 893 salvationis,
1049 832 1295 901 quamvis
1354 849 1416 887 ex
1477 841 1651 888 morte
1700 834 1895 887 Christi

249 923 578 992 provenerit
632 925 886 980 salvatio
926 926 1121 993 omnis,
1164 928 1262 982 sed
1316 930 1524 1000 absque
1571 931 1895 986 credulitate

259 1012 398 1066 nihil
452 1014 694 1068 contulit
750 1014 1047 1081 utilitatis;
1106 1026 1227 1086 post
1288 1018 1758 1087 resurrectionem,
1808 1020 1893 1073 in-

174 1144 177 1149 ι
262 1125 455 1179 quam,
518 1108 731 1163 Christi
785 1109 908 1178 jam
965 1113 1216 1165 omnibus
1266 1112 1320 1165 in
1360 1129 1485 1167 eum
1543 1114 1895 1169 credentibus

267 1197 572 1252 Sabbatum
623 1199 937 1253 observare
1003 1200 1381 1255 necessarium
1436 1217 1543 1256 non
1606 1201 1721 1267 fuit,
1784 1202 1893 1257 imo

255 1295 420 1349 diem
450 1295 824 1359 Dominicam,
879 1295 1025 1350 diem
1049 1297 1261 1353 scilicet
1304 1299 1739 1365 resurrectionis,
1771 1316 1891 1370 quae

255 1400 386 1438 sum
418 1383 746 1439 salvationis
777 1400 945 1441 causa
978 1386 1205 1439 exstitit.

345 1491 622 1545 Movsss.
657 1491 723 1544 Et
755 1506 926 1560 quare
976 1507 1083 1545 non
1130 1492 1559 1546 observaverunt
1600 1500 1887 1563 utrumque

256 1579 603 1642 Sabbatum,
638 1578 904 1633 videlicet
950 1579 1018 1633 ob
1066 1581 1382 1634 memoriam
1414 1582 1597 1634 mundi
1635 1581 1882 1651 originis,

248 1666 424 1721 diem
484 1682 619 1722 vero
676 1666 915 1721 alteram
969 1667 1038 1721 ob
1104 1668 1423 1723 memoriam
1486 1686 1596 1723 suze
1628 1670 1882 1724 salvatio-

248 1764 355 1817 nis
386 1766 420 1817 Ῥ

341 1884 616 1938 Parens.
684 1882 842 1952 Quod
905 1882 973 1937 ob
1030 1884 1348 1938 memoriam
1408 1885 1635 1956 originis
1697 1885 1882 1939 mundi

245 1971 575 2025 Sabbatum
624 1971 862 2025 diximus
895 1972 1200 2038 observari,
1245 1972 1489 2043 profecto
1529 1974 1880 2027 observatum

242 2067 372 2125 est,
414 2069 645 2131 proptea
677 2076 861 2113 rerum
912 2060 1265 2122 creationem,
1299 2077 1417 2130 quae
1459 2070 1586 2115 tunc
1617 2062 1883 2131 completa

243 2147 387 2211 fuit,
431 2148 573 2203 sicut
600 2149 865 2219 scriptum
892 2157 1013 2201 est:
1041 2149 1454 2220 Complem’tque
1489 2152 1634 2204 Deus
1666 2150 1754 2205 die
1789 2168 1884 2205 se-

240 2239 454 2308 ptimo
472 2254 612 2310 opus
634 2254 801 2292 suum
836 2237 980 2308 quod
1000 2239 1235 2306 fecerat,
1262 2242 1317 2291 et
1342 2238 1614 2308 requievit
1645 2240 1709 2291 ab
1727 2239 1883 2293 omni

242 2336 602 2407 Operequod
618 2334 1063 2405 patrarat(Gen.
1100 2338 1159 2401 ι).
1196 2334 1332 2401 Quia
1382 2350 1509 2388 vero
1541 2334 1732 2388 eadem
1765 2336 1880 2389 dies

238 2422 642 2477 damnationis
672 2423 978 2476 animarum
1013 2422 1179 2492 prima
1196 2422 1424 2480 exstitit.
1446 2430 1495 2476 et
1526 2424 1628 2476 hoc
1660 2422 1878 2493 quidem

236 2528 360 2583 per
394 2512 595 2579 Adam,
640 2511 731 2581 qui
788 2512 844 2564 in
894 2510 1252 2580 praecedentis
1300 2510 1405 2563 diei
1457 2527 1686 2580 vespere
1719 2511 1875 2577 hora,

238 2601 534 2655 videlicet
585 2598 936 2664 duodecima,
979 2600 1240 2670 peccavit.
1292 2615 1463 2671 quare
1511 2600 1578 2653 de
1617 2598 1794 2671 gloria
1823 2599 1877 2653 in

234 2697 685 2753 damnationem
717 2698 938 2759 decidit,
986 2702 1275 2767 postquam
1326 2713 1422 2766 per
1450 2696 1649 2750 Christi
1682 2713 1873 2751 resur-

235 2787 565 2842 rectionem
626 2785 860 2839 salvatio
917 2789 1218 2840 animarum
1279 2786 1447 2850 venit,
1490 2787 1600 2854 jam
1642 2785 1875 2855 amplius

236 2884 637 2939 damnationis
667 2884 786 2938 dies
818 2883 1080 2938 celebrari
1104 2899 1211 2937 non
1233 2882 1438 2948 debuit,
1472 2883 1578 2935 imo
1608 2882 1719 2945 illa,
1754 2899 1875 2952 qua)

240 2974 590 3029 salvationis
640 2972 926 3027 exordium
984 2971 1107 3026 fuit.
1167 2973 1226 3026 Et
1282 2972 1383 3026 hoc
1421 2988 1519 3040 per
1566 2971 1873 3041 exemplum

238 3063 357 3116 tibi
390 3063 443 3116 si
477 3062 662 3131 placet
690 3063 982 3116 ostendere
1038 3076 1281 3130 possum.
1316 3061 1426 3114 Rex
1460 3060 1601 3113 enim
1656 3059 1870 3130 quidam

242 3150 550 3206 civitatem
609 3148 903 3221 quamdam
936 3148 1078 3213 fecit,
1110 3149 1161 3203 in
1206 3165 1312 3220 qua
1361 3148 1584 3202 aedificia
1634 3148 1872 3217 pretiosa

2006 650 2225 716 Christi,
2282 671 2422 722 quae,
2484 654 2629 709 sicut
2682 654 2945 720 diximus,
3008 662 3061 710 et
3117 654 3457 710 credulitatis
3488 655 3590 711 fuit

2006 755 2193 805 causa,
2228 742 2550 796 salvationis
2604 743 2910 812 prazeipuze,
2971 743 3097 814 quia
3134 743 3441 814 quicunque
3470 752 3595 799 ante

2005 839 2235 885 mortem
2264 830 2465 884 Christi
2512 830 2565 884 in
2610 831 2786 900 ipsum
2842 831 3136 887 credentes
3163 831 3372 896 obiere,
3405 832 3592 900 utique

2002 919 2123 989 ipso
2173 919 2437 973 moriente
2495 918 2685 973 salvati
2744 927 2884 983 sunt,
2946 919 3043 974 sed
3098 919 3296 974 inferni
3342 920 3595 975 tenebras

2004 1008 2151 1077 prius
2180 1008 2413 1061 subiere.
2460 1007 2566 1074 Qui
2598 1023 2729 1061 vero
2769 1016 2890 1079 post
2928 1008 3382 1063 resurrectionem
3418 1008 3594 1063 credi-

2002 1091 2221 1155 derunt,
2280 1101 2330 1145 et
2388 1107 2486 1161 per
2533 1100 2763 1145 mortem
2821 1092 2939 1161 ejus
2971 1091 3266 1156 salvantur,
3310 1100 3363 1144 et
3411 1099 3589 1145 tamen

2002 1187 2198 1232 tartara
2232 1179 2558 1233 nescierunt.
2596 1180 2719 1233 Haec
2749 1179 2914 1250 igitur
2939 1196 3103 1234 causa
3135 1187 3234 1244 est,
3269 1195 3435 1249 quare
3466 1194 3587 1233 eam

2000 1268 2230 1337 apostoli
2263 1284 2608 1338 summOpere
2630 1268 2919 1322 observari
2940 1275 3338 1338 praeceperunt,
3371 1274 3422 1321 et
3452 1267 3588 1322 Sab-

1998 1366 2180 1420 batum
2214 1383 2340 1430 non,
2400 1367 2522 1420 licet
2578 1366 2842 1420 Dominus
2898 1374 3083 1421 noster
3128 1365 3375 1421 Christus
3406 1364 3583 1434 ipsum

1996 1455 2385 1519 observaverit,
2407 1455 2505 1508 sed
2527 1456 2628 1509 hoc
2647 1470 2987 1525 nequaquam
3009 1454 3114 1508 nisi
3142 1462 3196 1508 ut
3216 1453 3395 1523 legem
3416 1453 3587 1523 Moysi

1996 1543 2308 1612 compleret,
2343 1552 2392 1597 et
2424 1543 2543 1613 quia
2576 1542 2821 1597 nondum
2848 1550 3066 1597 venerat
3087 1541 3204 1596 dies
3233 1541 3584 1596 resurrectio-

1993 1641 2075 1694 nis
2107 1656 2268 1711 quam
2299 1649 2568 1695 servaret.

2062 1767 2299 1819 Movsns
2341 1765 2403 1817 Et
2434 1764 2562 1836 quid
2602 1764 2668 1818 de
2702 1764 2876 1819 Phase
2893 1764 3040 1819 dices
3073 1763 3381 1829 festivitate,
3417 1779 3579 1835 quam

1989 1852 2249 1922 prmcepit
2282 1852 2541 1906 Dominus
2560 1852 2878 1917 observare,
2913 1859 2965 1906 et
2992 1853 3046 1906 in
3078 1868 3139 1907 ea
3170 1869 3373 1924 agnum
3396 1851 3582 1907 immo-

1992 1942 2123 2005 lare,
2160 1942 2445 2011 ipsumque
2479 1956 2601 1995 cum
2658 1955 2799 2010 pane
2856 1956 3049 2009 azymo
3079 1949 3127 1995 et
3158 1940 3361 1995 amaris
3393 1939 3575 1996 herbis

1985 2030 2272 2084 comedere
2308 2029 2801 2099 (E.r0d.xu),quod
2840 2037 3005 2083 totum
3034 2029 3265 2099 apostoli
3296 2029 3573 2096 dimisere,

1988 2127 2039 2173 et
2072 2119 2226 2172 aliud
2282 2118 2476 2172 festum
2534 2120 2936 2188 prmceperunt,
2970 2125 3020 2171 et
3050 2116 3158 2170 alio
3214 2116 3409 2171 ordine
3452 2133 3572 2170 cum

1988 2208 2235 2262 Christus
2301 2208 2486 2276 (quem
2560 2205 2780 2271 dicitis),
2839 2205 3016 2276 quoad
3086 2203 3235 2271 vixit,
3294 2219 3574 2276 nunquam

1988 2295 2139 2359 illud,
2198 2294 2380 2365 quoad
2427 2293 2659 2364 apostoli
2717 2300 3116 2363 praeceperunt,
3150 2292 3378 2347 voluerit
3421 2293 3570 2349 cele-

1986 2385 2145 2437 brare
2166 2385 2194 2435 ξ)

2057 2491 2303 2544 Ρετιιυδ.
2344 2491 2401 2541 In
2433 2488 2621 2559 primis
2644 2504 2790 2556 sane,
2826 2503 2858 2541 ο
2890 2487 3125 2558 Moyses,
3158 2485 3448 2557 diligenter
3477 2487 3573 2544 de-

1984 2578 2176 2631 bemus
2206 2578 2474 2647 iuSpicere
2515 2577 2669 2641 ritus,
2703 2583 2753 2630 et
2783 2591 2979 2630 causas
3023 2576 3249 2641 rituum,
3283 2575 3482 2646 quibus
3511 2577 3568 2630 in

1982 2668 2214 2738 [Egypto
2243 2665 2357 2720 fieri
2388 2674 2717 2735 praeceptum
2744 2672 2827 2717 est
2859 2665 3048 2727 Phase,
3081 2670 3133 2718 et
3172 2678 3347 2734 quare
3378 2673 3569 2734 postea

1981 2754 2099 2809 vice
2130 2754 2296 2808 altera
2326 2762 2656 2823 praeceptum
2687 2760 2768 2806 est
2798 2752 2848 2806 in
2881 2751 3171 2806 solitudine
3215 2754 3360 2819 (Leu.
3390 2767 3558 2817 xxm;

1980 2852 2143 2905 Num.
2180 2850 2349 2917 xvm).
2385 2848 2544 2917 Quod
2573 2866 2692 2904 cum
2725 2848 3033 2913 fecerimus,
3079 2849 3321 2919 profecto
3350 2849 3566 2904 videbi-

1979 2956 2098 2993 mus
2129 2947 2301 2992 utrum
2333 2946 2453 3007 post
2483 2946 2713 2992 mortem
2758 2937 2957 2991 Christi
3009 2937 3355 2993 festivitatem
3390 2938 3562 2993 Phaso

1977 3028 2277 3093 celebrare,
2301 3026 2385 3080 vel
2418 3042 2524 3080 non
2553 3026 2873 3080 debeamus.

2049 3135 2272 3187 Movsss
2286 3174 2298 3186 .
2340 3132 2543 3190 Placet.

244 3238 540 3301 fundavit,
571 3237 809 3308 virgulta
840 3246 893 3291 et
923 3238 1115 3291 vineas
1138 3238 1562 3307 circumquaque
1592 3236 1864 3305 plantavit,
1897 3262 1944 3323 Ο
2016 3284 2025 3289 .
2053 3242 2297 3294 Paruus.
2334 3241 2395 3292 tli
2427 3255 2621 3308 nempe
2654 3238 2784 3292 ritus
2815 3245 2868 3292 et
2914 3238 3209 3310 religiones
3240 3238 3382 3294 illius
3420 3245 3563 3294 sunt.

244 3335 307 3381 et
342 3343 445 3396 per
475 3326 714 3381 mediam
770 3326 919 3379 illam
979 3327 1080 3380 hac
1134 3325 1366 3395 illacque
1396 3338 1661 3394 aquarum
1720 3324 1867 3379 rivos

242 3424 507 3489 deduxit,
539 3423 670 3494 quin
697 3431 753 3477 et
781 3422 1022 3477 omnium
1051 3422 1369 3477 deliciarum
1405 3421 1638 3476 fertilem
1668 3422 1870 3475 redun-

243 3514 604 3583 dantemque
633 3511 893 3581 patravit,
940 3511 1202 3564 adversus
1251 3525 1412 3580 quam
1445 3526 1535 3563 rex
1567 3510 1744 3579 gentis
1775 3524 1869 3564 cu—

246 3602 487 3669 jusdam
517 3601 684 3670 cmpit
734 3598 1071 3669 belligerari,
1114 3599 1257 3653 unde
1300 3599 1727 3669 quotiescunque
1765 3598 1868 3651 ali-

244 3700 383 3770 quis
415 3699 488 3753 de
518 3713 587 3753 ea
622 3698 806 3752 exibat
826 3705 1053 3766 paratus
1076 3706 1193 3751 erat
1210 3696 1380 3751 hostis
1401 3696 1506 3760 ille,
1532 3706 1588 3751 et
1610 3696 1869 3749 insidians

245 3803 387 3841 eum
420 3787 693 3856 capiebat,
737 3793 791 3840 et
820 3785 874 3838 in
907 3785 1255 3840 tenebrosum
1288 3800 1570 3838 carcerem
1604 3784 1867 3839 detrude—

249 3876 373 3929 bat.
407 3875 525 3930 Rex
554 3883 735 3928 autem
798 3873 889 3927 ille
920 3873 1009 3943 qui
1041 3872 1319 3928 civitatem
1377 3872 1720 3939 condiderat,
1752 3872 1869 3939 ejus

246 3963 467 4018 incolis
489 3971 784 4017 venturum
816 3977 939 4015 esse
979 3970 1189 4032 tempus
1240 3960 1608 4030 promittebat,
1639 3975 1744 4030 quo
1775 3976 1869 4013 eos

248 4060 329 4115 de
364 4061 527 4116 hoste
589 4058 682 4113 illo
740 4057 977 4111 liberare
1033 4057 1367 4112 decreverat.
1425 4055 1644 4110 Nullum
1690 4066 1871 4109 autem

249 4148 436 4203 alium
465 4148 539 4201 ab
578 4146 659 4201 eis
688 4161 917 4201 censum
948 4145 1033 4200 vel
1064 4144 1559 4200 remunerationem
1589 4144 1866 4217 exigebat,

247 4237 369 4291 nisi
402 4245 459 4291 ut
488 4235 639 4290 diem
666 4235 821 4289 illum
858 4233 1270 4289 celeberrimum
1299 4232 1558 4297 colerent,
1594 4248 1701 4304 quo
1731 4232 1868 4288 civi-

251 4338 349 4385 tas
381 4330 636 4401 perfecta
665 4328 860 4395 fuerat,
885 4336 937 4383 et
964 4329 1035 4383 ob
1062 4328 1167 4382 hoc
1183 4327 1344 4381 etiam
1360 4327 1503 4398 quod
1537 4328 1729 4382 eadem
1758 4326 1869 4394 die,

251 4418 331 4474 de
365 4420 530 4473 hoste
559 4416 825 4488 praedicto
856 4432 952 4471 eos
973 4415 1306 4470 liberaturus
1336 4423 1473 4481 erat,
1502 4414 1593 4485 qui
1624 4430 1749 4469 eam
1778 4415 1870 4469 diu

251 4517 645 4581 celebrarunt,
678 4515 822 4570 sicut
878 4530 970 4569 rex
1027 4514 1107 4569 eis
1165 4522 1521 4584 praeceperat.
1570 4513 1869 4569 Transacto

252 4610 459 4660 autem
513 4603 778 4659 nonnullo
807 4602 1068 4672 temporis
1098 4602 1293 4672 spatio,
1327 4618 1489 4672 super
1516 4616 1610 4657 eos
1646 4601 1869 4656 miseri-
1897 4618 1948 4677 D

252 4693 518 4749 cordiam
545 4700 710 4763 atque
738 4690 992 4761 pietatem
1023 4690 1228 4758 habuit,
1270 4698 1322 4745 et
1355 4706 1450 4744 eos
1479 4693 1545 4745 de
1573 4690 1667 4745 illa
1695 4689 1868 4759 capti-

255 4791 496 4848 vatione
552 4788 971 4859 praesentialiter
1041 4789 1277 4845 liberare
1351 4788 1639 4859 diSposuit.
1697 4787 1867 4842 tilium

256 4880 443 4951 igitur
471 4894 626 4933 suum
657 4877 825 4931 misit.
858 4875 982 4945 Qui,
1014 4876 1230 4932 devicto
1258 4878 1432 4943 hoste,
1466 4878 1534 4930 de
1565 4878 1680 4945 ejus
1709 4892 1869 4930 manu

262 4976 514 5046 captivos
540 4974 740 5030 emisit.
766 4974 1024 5028 Liberalis
1055 4973 1242 5044 itaque
1273 4974 1342 5027 de
1368 4974 1505 5045 jugo
1535 4972 1739 5027 inimici
1771 4989 1869 5027 rex

262 5064 567 5135 praedictus
594 5062 785 5117 taliter
813 5063 1000 5116 urbem
1033 5062 1322 5128 ordinavit,
1354 5062 1497 5132 quod
1528 5077 1870 5132 nequaquam

266 5153 504 5224 amplius
581 5151 731 5205 illius
806 5151 1223 5219 captivationem
1300 5150 1501 5205 inimici
1576 5149 1872 5204 formidare

271 5251 533 5321 oportuit.
568 5248 680 5305 Sed
712 5246 823 5310 dic,
854 5261 888 5300 ο
914 5248 1151 5316 Moyses,
1184 5254 1309 5301 utra
1337 5246 1456 5299 dies
1482 5246 1659 5315 potius
1686 5245 1874 5301 debuit

269 5339 552 5404 celebrari,
588 5337 679 5392 vet
710 5334 809 5389 illa
836 5349 942 5406 qua
991 5334 1181 5389 civitas
1209 5344 1430 5405 peracta
1461 5345 1559 5400 est,
1595 5334 1689 5389 sed
1714 5335 1872 5404 plebs

266 5429 318 5485 in
348 5444 576 5485 manum
613 5422 825 5481 decidit
869 5422 1088 5488 inimici,
1144 5423 1229 5477 vel
1262 5423 1350 5477 illa
1380 5438 1486 5493 qua
1517 5422 1695 5479 taliter
1722 5424 1873 5477 ordi-

261 5528 380 5578 nata
408 5527 521 5584 est,
553 5512 712 5588 quod
770 5510 1001 5581 amplius
1055 5510 1123 5565 ab
1180 5509 1277 5565 illo
1336 5511 1489 5564 hoste
1536 5525 1643 5567 non
1685 5511 1866 5566 timuit

256 5608 516 5688 captivari
552 5606 583 5659 ‘?

312 5734 600 5791 Moyses.
645 5714 786 5771 Dies
815 5714 1003 5784 procul
1036 5714 1201 5770 dubio
1235 5714 1321 5769 iila
1372 5731 1478 5786 qua
1506 5714 1756 5770 ordinata
1787 5722 1869 5770 est

243 5814 521 5905 ejusmodi
536 5854 553 5868 ο

305 5946 586 6005 Psnws.
627 5917 847 5977 Eadem
906 5935 1039 5977 sane
1089 5918 1299 5975 ratione
1347 5916 1493 5976 diem
1534 5917 1874 5976 Dominicam

1980 3329 2199 3384 Decima
2229 3328 2316 3383 die
2344 3326 2547 3381 mensis
2579 3334 2658 3379 est
2691 3334 2996 3396 praeceptus
3025 3342 3203 3399 agnus
3250 3327 3334 3383 vel
3374 3328 3564 3383 haedus

1980 3418 2112 3481 tolli,
2146 3425 2197 3472 et
2229 3432 2404 3487 usque
2452 3415 2505 3468 in
2546 3421 2789 3486 quartam
2846 3414 3109 3469 decimam
3149 3415 3290 3470 diem
3324 3416 3557 3470 servari.

1980 3514 2153 3583 Quem
2183 3514 2343 3568 etiam
2375 3513 2670 3567 masculum
2702 3528 2823 3565 esse
2852 3521 3187 3582 praeceptum
3219 3522 3299 3569 est
3326 3528 3394 3569 ac
3417 3513 3566 3582 juve-

1978 3620 2124 3668 nem,
2156 3613 2208 3657 et
2239 3604 2445 3671 absque
2491 3600 2801 3655 inﬁrmitate
2849 3601 3014 3665 omni,
3048 3609 3100 3655 et
3128 3600 3280 3655 illum
3322 3601 3391 3655 ab
3420 3600 3570 3656 omni

1977 3691 2319 3745 multitudine
2354 3690 2585 3744 titiorum
2616 3688 2788 3743 Israel
2835 3697 3027 3759 quarta
3054 3688 3266 3744 decima
3311 3688 3399 3743 die
3430 3688 3571 3745 inter

1978 3790 2086 3842 duo
2118 3802 2347 3856 vespera
2376 3785 2667 3850 immolari,
2702 3799 2767 3840 ac
2820 3785 2889 3839 de
2946 3784 3066 3855 ejus
3096 3785 3369 3857 sanguine
3404 3802 3570 3856 super

1978 3886 2266 3946 utrumque
2304 3882 2514 3946 postem
2548 3882 2600 3927 et
2622 3889 2785 3943 super
2805 3870 3078 3927 liminaria
3097 3873 3383 3927 domorum
3411 3873 3564 3943 poni,

1979 3975 2030 4019 et
2059 3966 2160 4019 hoc
2189 3965 2242 4017 in
2272 3964 2524 4017 domibus
2571 3970 2776 4016 tantum
2823 3960 2947 4029 illis,
3003 3961 3055 4014 in
3086 3960 3281 4033 quibus
3325 3960 3567 4015 debebat

1980 4051 2318 4116 manducari,
2351 4050 2479 4120 quin
2510 4059 2561 4105 et
2592 4066 2781 4105 carnes
2811 4051 2927 4117 ejus
2948 4065 3060 4104 non
3088 4048 3281 4105 crudas
3310 4048 3396 4103 vel
3426 4063 3566 4119 aqua

1978 4150 2186 4205 coctas,
2228 4140 2327 4195 sed
2358 4139 2471 4211 igni
2498 4148 2699 4193 tantum
2721 4154 2880 4193 assas
2903 4137 3135 4202 comedi,
3166 4137 3380 4208 integer
3408 4136 3568 4191 etiam

1980 4239 2029 4284 et
2060 4239 2203 4285 lOtUS
2233 4245 2353 4285 cum
2383 4228 2560 4299 capite
2591 4236 2643 4282 et
2674 4227 2902 4298 pedibus
2958 4232 3013 4282 et
3070 4225 3342 4281 intestinis
3378 4226 3568 4294 jussus

1979 4319 2095 4391 igni
2126 4318 2305 4388 coqui,
2339 4326 2607 4387 noctuque
2665 4323 2721 4370 et
2778 4315 3102 4370 festinanter
3146 4313 3380 4384 comedi,
3412 4322 3466 4369 et
3504 4330 3568 4369 os

1978 4407 2125 4462 illius
2157 4422 2264 4460 non
2292 4404 2582 4477 confringi,
2617 4412 2669 4459 et
2698 4403 2776 4458 sic
2803 4418 2926 4460 cum
2949 4418 3138 4474 azymo
3168 4417 3307 4475 pane
3339 4410 3392 4458 et
3420 4418 3569 4457 ama-

1979 4495 2053 4551 ris
2086 4495 2269 4550 herbis
2298 4493 2613 4548 manducari
2646 4492 2843 4564 (Exod.
2879 4492 2996 4561 χιι).

2051 4603 2301 4656 Movsns.
2334 4598 2585 4655 Profecto
2617 4599 2687 4653 ita
2719 4604 2801 4652 est
2832 4604 2889 4651 ut
2909 4596 3117 4654 dixisti.

2047 4710 2296 4762 Parens.
2331 4706 2429 4761 Dic
2458 4720 2589 4777 ergo
2620 4704 2817 4775 quibus
2843 4704 2910 4759 de
2942 4702 3120 4758 causis
3149 4700 3408 4773 praecepti
3440 4708 3568 4756 sunt

1976 4797 2110 4851 ritus
2148 4796 2256 4850 isti.

2049 4905 2301 4957 Movsas.
2340 4901 2558 4967 Nescio,
2594 4900 2689 4955 sed
2720 4900 2800 4956 sic
2829 4897 3000 4954 voluit
3029 4896 3292 4953 Dominus
3312 4896 3448 4953 fieri.
3484 4899 3562 4952 De

1979 4991 2246 5062 sanguine
2277 4999 2457 5044 autem
2498 4990 2635 5055 scio,
2671 4989 2818 5059 quod
2849 5003 3012 5058 super
3038 4995 3329 5056 utrumque
3358 4986 3560 5041 domo—

1979 5096 2098 5134 rum
2132 5088 2361 5148 postem,
2394 5087 2447 5134 et
2474 5095 2637 5149 super
2666 5077 2928 5131 liminaria
2948 5075 3071 5130 ideo
3100 5075 3227 5146 poni
3254 5084 3567 5145 praeceptus

1980 5176 2083 5232 est,
2118 5176 2174 5220 ut
2204 5168 2428 5221 veniens
2456 5168 2731 5237 malignus
2761 5164 3008 5237 angelus,
3045 5165 3266 5219 domum
3298 5163 3389 5218 illo
3420 5162 3563 5219 infe-

1980 5264 2118 5311 ctam
2149 5256 2413 5326 sanguine
2443 5255 2823 5325 pertransiret.

2054 5363 2293 5415 PETRUS.
2326 5362 2520 5417 Nonne
2550 5361 2645 5415 tibi
2676 5361 2879 5433 saepius
2911 5376 3073 5432 supra
3102 5359 3232 5428 dixi,
3267 5358 3415 5430 quod
3444 5374 3566 5416 ver-

1981 5449 2106 5503 bum
2138 5449 2355 5520 aliquod
2392 5458 2597 5505 temere
2644 5464 2923 5522 nunquam
2970 5450 3162 5506 exiexit
3202 5448 3271 5503 ab
3314 5463 3407 5504 ore
3449 5448 3567 5504 Do-

1983 5537 2133 5592 mini.

2054 5636 2302 5690 Movsns.
2336 5636 2436 5692 Dic
2470 5642 2524 5690 tu
2574 5650 2727 5707 ergo.
2753 5635 2929 5704 Quare
2973 5636 3252 5693 observari
3277 5635 3418 5706 jussi
3448 5644 3574 5693 sunt

1983 5724 2120 5780 ritus
2150 5724 2225 5778 illi
2250 5727 2277 5778 εἲ

2056 5833 2292 5887 Ρετιιυε.
2324 5833 2514 5903 Agnus
2569 5845 2766 5900 nempe
2810 5828 2903 5885 ille
2960 5831 3195 5904 Egypti,
3241 5835 3407 5903 atque
3438 5832 3576 5888 ritus

1985 5920 2069 5976 sui
2099 5919 2276 5992 ﬁgura
2304 5929 2358 5976 at
2387 5917 2689 5975 similitudo
2737 5917 2956 5975 fueaunt
2996 5920 3147 5991 Λευὶ
3176 5919 3295 5986 Dei,
3336 5920 3428 5992 qui
3457 5920 3576 5976 im-
