  <div class='ocr_page' id='page_1' title='image "/cluster/home/n/w/nwhite01/storage/ocr_20150623/156-157/uc1.31175010662024/973.png"; bbox 0 0 3966 6398; ppageno 0'>
   <div class='ocr_carea' id='block_1_1' title="bbox 441 404 542 458">
    <p class='ocr_par' dir='ltr' id='par_1_1' title="bbox 441 404 542 458">
     <span class='ocr_line' id='line_1_1' title="bbox 441 404 542 458; baseline 0.03 -3"><span class='ocrx_word' id='word_1_1' title='bbox 441 404 542 458; x_wconf 84' lang='grc'><strong>663</strong></span> 
     </span>
    </p>
   </div>
   <div class='ocr_carea' id='block_1_2' title="bbox 1383 403 2802 476">
    <p class='ocr_par' dir='ltr' id='par_1_2' title="bbox 1383 403 2802 476">
     <span class='ocr_line' id='line_1_2' title="bbox 1383 403 2802 476; baseline 0.013 -18"><span class='ocrx_word' id='word_1_2' title='bbox 1383 403 1581 460; x_wconf 82' lang='lat' dir='ltr'><strong>PETRI</strong></span> <span class='ocrx_word' id='word_1_3' title='bbox 1620 405 1962 463; x_wconf 79' lang='lat' dir='ltr'><strong>ALPHONSI</strong></span> <span class='ocrx_word' id='word_1_4' title='bbox 2002 408 2096 464; x_wconf 87' lang='lat' dir='ltr'><strong>EX</strong></span> <span class='ocrx_word' id='word_1_5' title='bbox 2133 411 2371 470; x_wconf 71' lang='grc' dir='ltr'><strong>ιω).Ὲο</strong></span> <span class='ocrx_word' id='word_1_6' title='bbox 2410 417 2802 476; x_wconf 82' lang='lat' dir='ltr'><strong>CHRISTIANI</strong></span> 
     </span>
    </p>
   </div>
   <div class='ocr_carea' id='block_1_3' title="bbox 3635 425 3756 477">
    <p class='ocr_par' dir='ltr' id='par_1_3' title="bbox 3635 425 3756 477">
     <span class='ocr_line' id='line_1_3' title="bbox 3635 425 3756 477; baseline 0 0"><span class='ocrx_word' id='word_1_7' title='bbox 3635 425 3756 477; x_wconf 69' lang='grc'>664</span> 
     </span>
    </p>
   </div>
   <div class='ocr_carea' id='block_1_4' title="bbox 445 525 3762 621">
    <p class='ocr_par' dir='ltr' id='par_1_4' title="bbox 445 525 3762 621">
     <span class='ocr_line' id='line_1_4' title="bbox 445 525 3762 621; baseline 0.001 -23"><span class='ocrx_word' id='word_1_8' title='bbox 445 525 734 621; x_wconf 48' lang='lat' dir='ltr'><strong>{Tilaan</strong></span> <span class='ocrx_word' id='word_1_9' title='bbox 765 533 906 593; x_wconf 54' lang='lat' dir='ltr'><strong>&quot;at:</strong></span> <span class='ocrx_word' id='word_1_10' title='bbox 929 525 986 582; x_wconf 69' lang='lat' dir='ltr'><strong>id</strong></span> <span class='ocrx_word' id='word_1_11' title='bbox 1013 534 1102 621; x_wconf 58' lang='grc' dir='ltr'><strong>θεῇ</strong></span> <span class='ocrx_word' id='word_1_12' title='bbox 1126 525 1349 621; x_wconf 57' lang='grc' dir='ltr'><strong>(Πὶῖίδιίο</strong></span> <span class='ocrx_word' id='word_1_13' title='bbox 1383 527 1529 584; x_wconf 56' lang='lat' dir='ltr'><strong>Sicut</strong></span> <span class='ocrx_word' id='word_1_14' title='bbox 1549 528 1692 621; x_wconf 49' lang='lat' dir='ltr'><strong>enim</strong></span> <span class='ocrx_word' id='word_1_15' title='bbox 1715 547 1816 621; x_wconf 67' lang='lat' dir='ltr'><strong>P9P</strong></span> <span class='ocrx_word' id='word_1_16' title='bbox 1834 545 2041 621; x_wconf 69' lang='lat' dir='ltr'><strong>agnum</strong></span> <span class='ocrx_word' id='word_1_17' title='bbox 2068 536 2118 596; x_wconf 87' lang='lat' dir='ltr'><strong>A</strong></span> <span class='ocrx_word' id='word_1_18' title='bbox 2147 551 2359 593; x_wconf 87' lang='lat' dir='ltr'><strong>crucem</strong></span> <span class='ocrx_word' id='word_1_19' title='bbox 2393 541 2599 597; x_wconf 74' lang='lat' dir='ltr'><strong>eﬁ‘usus</strong></span> <span class='ocrx_word' id='word_1_20' title='bbox 2623 553 2702 598; x_wconf 91' lang='lat' dir='ltr'><strong>est</strong></span> <span class='ocrx_word' id='word_1_21' title='bbox 2735 545 2939 600; x_wconf 91' lang='lat' dir='ltr'><strong>nullum</strong></span> <span class='ocrx_word' id='word_1_22' title='bbox 2973 547 3163 614; x_wconf 86' lang='lat' dir='ltr'><strong>salvat,</strong></span> <span class='ocrx_word' id='word_1_23' title='bbox 3199 548 3304 604; x_wconf 87' lang='lat' dir='ltr'><strong>nisi</strong></span> <span class='ocrx_word' id='word_1_24' title='bbox 3329 548 3382 603; x_wconf 93' lang='lat' dir='ltr'><strong>in</strong></span> <span class='ocrx_word' id='word_1_25' title='bbox 3405 563 3512 621; x_wconf 90' lang='lat' dir='ltr'><strong>quo</strong></span> <span class='ocrx_word' id='word_1_26' title='bbox 3544 548 3762 616; x_wconf 74' lang='lat' dir='ltr'><strong>Agnus</strong></span> 
     </span>
    </p>
   </div>
   <div class='ocr_carea' id='block_1_5' title="bbox 454 614 2048 688">
    <p class='ocr_par' dir='ltr' id='par_1_5' title="bbox 454 614 2048 688">
     <span class='ocr_line' id='line_1_5' title="bbox 454 614 2048 688; baseline 0.004 -20"><span class='ocrx_word' id='word_1_27' title='bbox 454 614 609 671; x_wconf 91' lang='lat' dir='ltr'><strong>illum</strong></span> <span class='ocrx_word' id='word_1_28' title='bbox 641 615 708 671; x_wconf 89' lang='lat' dir='ltr'><strong>de</strong></span> <span class='ocrx_word' id='word_1_29' title='bbox 738 631 896 670; x_wconf 84' lang='lat' dir='ltr'><strong>manu</strong></span> <span class='ocrx_word' id='word_1_30' title='bbox 923 615 1105 687; x_wconf 83' lang='lat' dir='ltr'><strong>angeli</strong></span> <span class='ocrx_word' id='word_1_31' title='bbox 1132 616 1223 688; x_wconf 88' lang='lat' dir='ltr'><strong>qui</strong></span> <span class='ocrx_word' id='word_1_32' title='bbox 1249 631 1486 687; x_wconf 89' lang='lat' dir='ltr'><strong>corpora</strong></span> <span class='ocrx_word' id='word_1_33' title='bbox 1531 617 1817 674; x_wconf 90' lang='lat' dir='ltr'><strong>occidebat</strong></span> <span class='ocrx_word' id='word_1_34' title='bbox 1845 619 2048 675; x_wconf 88' lang='lat' dir='ltr'><strong>servati</strong></span> 
     </span>
    </p>
   </div>
   <div class='ocr_carea' id='block_1_6' title="bbox 450 703 2048 776">
    <p class='ocr_par' dir='ltr' id='par_1_6' title="bbox 450 703 2048 776">
     <span class='ocr_line' id='line_1_6' title="bbox 450 703 2048 776; baseline 0.002 -16"><span class='ocrx_word' id='word_1_35' title='bbox 450 713 574 760; x_wconf 87' lang='lat' dir='ltr'><strong>sunt</strong></span> <span class='ocrx_word' id='word_1_36' title='bbox 603 703 794 760; x_wconf 79' lang='lat' dir='ltr'><strong>fideles</strong></span> <span class='ocrx_word' id='word_1_37' title='bbox 822 703 1058 769; x_wconf 90' lang='lat' dir='ltr'><strong>Domini,</strong></span> <span class='ocrx_word' id='word_1_38' title='bbox 1111 703 1185 760; x_wconf 91' lang='lat' dir='ltr'><strong>ita</strong></span> <span class='ocrx_word' id='word_1_39' title='bbox 1222 712 1272 760; x_wconf 89' lang='lat' dir='ltr'><strong>et</strong></span> <span class='ocrx_word' id='word_1_40' title='bbox 1317 721 1417 776; x_wconf 90' lang='lat' dir='ltr'><strong>per</strong></span> <span class='ocrx_word' id='word_1_41' title='bbox 1455 706 1727 760; x_wconf 85' lang='lat' dir='ltr'><strong>Christum</strong></span> <span class='ocrx_word' id='word_1_42' title='bbox 1757 709 2048 764; x_wconf 90' lang='lat' dir='ltr'><strong>credentes</strong></span> 
     </span>
    </p>
   </div>
   <div class='ocr_carea' id='block_1_7' title="bbox 451 792 2048 865">
    <p class='ocr_par' dir='ltr' id='par_1_7' title="bbox 451 792 2048 865">
     <span class='ocr_line' id='line_1_7' title="bbox 451 792 2048 865; baseline 0.002 -16"><span class='ocrx_word' id='word_1_43' title='bbox 451 793 506 849; x_wconf 90' lang='lat' dir='ltr'><strong>in</strong></span> <span class='ocrx_word' id='word_1_44' title='bbox 535 809 616 859; x_wconf 86' lang='lat' dir='ltr'><strong>se,</strong></span> <span class='ocrx_word' id='word_1_45' title='bbox 647 793 716 849; x_wconf 90' lang='lat' dir='ltr'><strong>de</strong></span> <span class='ocrx_word' id='word_1_46' title='bbox 747 792 991 859; x_wconf 85' lang='lat' dir='ltr'><strong>diabolo,</strong></span> <span class='ocrx_word' id='word_1_47' title='bbox 1049 793 1139 865; x_wconf 89' lang='lat' dir='ltr'><strong>qui</strong></span> <span class='ocrx_word' id='word_1_48' title='bbox 1177 793 1391 848; x_wconf 90' lang='lat' dir='ltr'><strong>animas</strong></span> <span class='ocrx_word' id='word_1_49' title='bbox 1447 794 1740 850; x_wconf 89' lang='lat' dir='ltr'><strong>damnabat</strong></span> <span class='ocrx_word' id='word_1_50' title='bbox 1773 805 1923 851; x_wconf 90' lang='lat' dir='ltr'><strong>erant</strong></span> <span class='ocrx_word' id='word_1_51' title='bbox 1953 812 2048 852; x_wconf 86' lang='lat' dir='ltr'><strong>re-</strong></span> 
     </span>
    </p>
   </div>
   <div class='ocr_carea' id='block_1_8' title="bbox 451 879 2049 954">
    <p class='ocr_par' dir='ltr' id='par_1_8' title="bbox 451 879 2049 954">
     <span class='ocr_line' id='line_1_8' title="bbox 451 879 2049 954; baseline 0.001 -18"><span class='ocrx_word' id='word_1_52' title='bbox 451 881 716 948; x_wconf 90' lang='lat' dir='ltr'><strong>dimendi,</strong></span> <span class='ocrx_word' id='word_1_53' title='bbox 749 889 801 937; x_wconf 91' lang='lat' dir='ltr'><strong>et</strong></span> <span class='ocrx_word' id='word_1_54' title='bbox 832 879 930 936; x_wconf 84' lang='lat' dir='ltr'><strong>fuit</strong></span> <span class='ocrx_word' id='word_1_55' title='bbox 959 883 1154 954; x_wconf 86' lang='lat' dir='ltr'><strong>Agnus</strong></span> <span class='ocrx_word' id='word_1_56' title='bbox 1200 881 1292 938; x_wconf 91' lang='lat' dir='ltr'><strong>ille</strong></span> <span class='ocrx_word' id='word_1_57' title='bbox 1338 883 1494 953; x_wconf 91' lang='lat' dir='ltr'><strong>quasi</strong></span> <span class='ocrx_word' id='word_1_58' title='bbox 1521 885 1852 940; x_wconf 81' lang='lat' dir='ltr'><strong>annuntians</strong></span> <span class='ocrx_word' id='word_1_59' title='bbox 1898 885 2049 941; x_wconf 91' lang='lat' dir='ltr'><strong>illum</strong></span> 
     </span>
    </p>
   </div>
   <div class='ocr_carea' id='block_1_9' title="bbox 453 969 1238 1044">
    <p class='ocr_par' dir='ltr' id='par_1_9' title="bbox 453 969 1238 1044">
     <span class='ocr_line' id='line_1_9' title="bbox 453 969 1238 1044; baseline -0.003 -18"><span class='ocrx_word' id='word_1_60' title='bbox 453 969 543 1044; x_wconf 90' lang='lat' dir='ltr'><strong>qui</strong></span> <span class='ocrx_word' id='word_1_61' title='bbox 571 977 832 1027; x_wconf 90' lang='lat' dir='ltr'><strong>venturus</strong></span> <span class='ocrx_word' id='word_1_62' title='bbox 862 977 980 1026; x_wconf 91' lang='lat' dir='ltr'><strong>erat</strong></span> <span class='ocrx_word' id='word_1_63' title='bbox 1006 977 1128 1042; x_wconf 91' lang='lat' dir='ltr'><strong>post</strong></span> <span class='ocrx_word' id='word_1_64' title='bbox 1157 986 1238 1026; x_wconf 92' lang='lat' dir='ltr'><strong>se.</strong></span> 
     </span>
    </p>
   </div>
   <div class='ocr_carea' id='block_1_10' title="bbox 528 1106 2052 1179">
    <p class='ocr_par' dir='ltr' id='par_1_10' title="bbox 528 1106 2052 1179">
     <span class='ocr_line' id='line_1_10' title="bbox 528 1106 2052 1179; baseline 0.001 -19"><span class='ocrx_word' id='word_1_65' title='bbox 528 1106 789 1162; x_wconf 74' lang='lat' dir='ltr'><strong>Marses.</strong></span> <span class='ocrx_word' id='word_1_66' title='bbox 820 1107 901 1162; x_wconf 91' lang='lat' dir='ltr'><strong>De</strong></span> <span class='ocrx_word' id='word_1_67' title='bbox 922 1121 1066 1178; x_wconf 89' lang='lat' dir='ltr'><strong>agno</strong></span> <span class='ocrx_word' id='word_1_68' title='bbox 1087 1106 1309 1178; x_wconf 88' lang='lat' dir='ltr'><strong>quidem</strong></span> <span class='ocrx_word' id='word_1_69' title='bbox 1329 1107 1477 1179; x_wconf 91' lang='lat' dir='ltr'><strong>quod</strong></span> <span class='ocrx_word' id='word_1_70' title='bbox 1501 1108 1682 1179; x_wconf 80' lang='lat' dir='ltr'><strong>placet</strong></span> <span class='ocrx_word' id='word_1_71' title='bbox 1700 1109 2052 1179; x_wconf 79' lang='lat' dir='ltr'><strong>reSpondisti,</strong></span> 
     </span>
    </p>
   </div>
   <div class='ocr_carea' id='block_1_11' title="bbox 457 1195 2052 1268">
    <p class='ocr_par' dir='ltr' id='par_1_11' title="bbox 457 1195 2052 1268">
     <span class='ocr_line' id='line_1_11' title="bbox 457 1195 2052 1268; baseline 0.001 -19"><span class='ocrx_word' id='word_1_72' title='bbox 457 1195 553 1250; x_wconf 87' lang='lat' dir='ltr'><strong>sed</strong></span> <span class='ocrx_word' id='word_1_73' title='bbox 583 1195 878 1266; x_wconf 56' lang='lat' dir='ltr'><strong>praedictus</strong></span> <span class='ocrx_word' id='word_1_74' title='bbox 925 1195 1061 1250; x_wconf 88' lang='lat' dir='ltr'><strong>ritus</strong></span> <span class='ocrx_word' id='word_1_75' title='bbox 1107 1195 1238 1268; x_wconf 88' lang='lat' dir='ltr'><strong>agni</strong></span> <span class='ocrx_word' id='word_1_76' title='bbox 1281 1197 1562 1268; x_wconf 88' lang='lat' dir='ltr'><strong>quomodo</strong></span> <span class='ocrx_word' id='word_1_77' title='bbox 1611 1197 1820 1268; x_wconf 90' lang='lat' dir='ltr'><strong>poteris</strong></span> <span class='ocrx_word' id='word_1_78' title='bbox 1871 1197 2052 1268; x_wconf 90' lang='lat' dir='ltr'><strong>appli-</strong></span> 
     </span>
    </p>
   </div>
   <div class='ocr_carea' id='block_1_12' title="bbox 456 1283 1838 1357">
    <p class='ocr_par' dir='ltr' id='par_1_12' title="bbox 456 1283 1838 1357">
     <span class='ocr_line' id='line_1_12' title="bbox 456 1283 1838 1357; baseline 0 -17"><span class='ocrx_word' id='word_1_79' title='bbox 456 1299 584 1340; x_wconf 83' lang='lat' dir='ltr'><strong>care</strong></span> <span class='ocrx_word' id='word_1_80' title='bbox 615 1284 682 1338; x_wconf 91' lang='lat' dir='ltr'><strong>ad</strong></span> <span class='ocrx_word' id='word_1_81' title='bbox 714 1283 1009 1350; x_wconf 79' lang='lat' dir='ltr'><strong>Christum,</strong></span> <span class='ocrx_word' id='word_1_82' title='bbox 1043 1300 1204 1356; x_wconf 88' lang='lat' dir='ltr'><strong>quem</strong></span> <span class='ocrx_word' id='word_1_83' title='bbox 1237 1300 1402 1341; x_wconf 90' lang='lat' dir='ltr'><strong>vocas</strong></span> <span class='ocrx_word' id='word_1_84' title='bbox 1432 1287 1649 1357; x_wconf 79' lang='lat' dir='ltr'><strong>Agnum</strong></span> <span class='ocrx_word' id='word_1_85' title='bbox 1683 1285 1782 1342; x_wconf 89' lang='lat' dir='ltr'><strong>Dei</strong></span> <span class='ocrx_word' id='word_1_86' title='bbox 1809 1288 1838 1340; x_wconf 76' lang='lat'><strong>‘2</strong></span> 
     </span>
    </p>
   </div>
   <div class='ocr_carea' id='block_1_13' title="bbox 533 1412 2057 1486">
    <p class='ocr_par' dir='ltr' id='par_1_13' title="bbox 533 1412 2057 1486">
     <span class='ocr_line' id='line_1_13' title="bbox 533 1412 2057 1486; baseline 0.001 -20"><span class='ocrx_word' id='word_1_87' title='bbox 533 1413 776 1469; x_wconf 70' lang='lat' dir='ltr'><strong>Parens.</strong></span> <span class='ocrx_word' id='word_1_88' title='bbox 811 1414 972 1480; x_wconf 80' lang='lat' dir='ltr'><strong>Nam,</strong></span> <span class='ocrx_word' id='word_1_89' title='bbox 1006 1412 1144 1470; x_wconf 90' lang='lat' dir='ltr'><strong>sicut</strong></span> <span class='ocrx_word' id='word_1_90' title='bbox 1163 1429 1342 1486; x_wconf 87' lang='lat' dir='ltr'><strong>agnus</strong></span> <span class='ocrx_word' id='word_1_91' title='bbox 1374 1413 1464 1470; x_wconf 91' lang='lat' dir='ltr'><strong>ille</strong></span> <span class='ocrx_word' id='word_1_92' title='bbox 1493 1414 1581 1469; x_wconf 90' lang='lat' dir='ltr'><strong>die</strong></span> <span class='ocrx_word' id='word_1_93' title='bbox 1612 1415 1816 1469; x_wconf 84' lang='lat' dir='ltr'><strong>mensis</strong></span> <span class='ocrx_word' id='word_1_94' title='bbox 1846 1413 2057 1470; x_wconf 84' lang='lat' dir='ltr'><strong>decima</strong></span> 
     </span>
    </p>
   </div>
   <div class='ocr_carea' id='block_1_14' title="bbox 460 1501 2057 1574">
    <p class='ocr_par' dir='ltr' id='par_1_14' title="bbox 460 1501 2057 1574">
     <span class='ocr_line' id='line_1_14' title="bbox 460 1501 2057 1574; baseline 0 -18"><span class='ocrx_word' id='word_1_95' title='bbox 460 1501 575 1556; x_wconf 90' lang='lat' dir='ltr'><strong>tolli</strong></span> <span class='ocrx_word' id='word_1_96' title='bbox 625 1509 934 1573; x_wconf 66' lang='lat' dir='ltr'><strong>praeceptus</strong></span> <span class='ocrx_word' id='word_1_97' title='bbox 982 1508 1086 1567; x_wconf 88' lang='lat' dir='ltr'><strong>est,</strong></span> <span class='ocrx_word' id='word_1_98' title='bbox 1129 1509 1183 1556; x_wconf 90' lang='lat' dir='ltr'><strong>et</strong></span> <span class='ocrx_word' id='word_1_99' title='bbox 1213 1517 1386 1574; x_wconf 82' lang='lat' dir='ltr'><strong>usque</strong></span> <span class='ocrx_word' id='word_1_100' title='bbox 1417 1502 1470 1556; x_wconf 93' lang='lat' dir='ltr'><strong>in</strong></span> <span class='ocrx_word' id='word_1_101' title='bbox 1499 1507 1753 1574; x_wconf 88' lang='lat' dir='ltr'><strong>quartam</strong></span> <span class='ocrx_word' id='word_1_102' title='bbox 1785 1503 2057 1559; x_wconf 74' lang='lat' dir='ltr'><strong>decimam</strong></span> 
     </span>
    </p>
   </div>
   <div class='ocr_carea' id='block_1_15' title="bbox 466 1590 2056 1661">
    <p class='ocr_par' dir='ltr' id='par_1_15' title="bbox 466 1590 2056 1661">
     <span class='ocr_line' id='line_1_15' title="bbox 466 1590 2056 1661; baseline -0.001 -14"><span class='ocrx_word' id='word_1_103' title='bbox 466 1590 781 1647; x_wconf 89' lang='lat' dir='ltr'><strong>conservari</strong></span> <span class='ocrx_word' id='word_1_104' title='bbox 811 1591 1010 1659; x_wconf 74' lang='lat' dir='ltr'><strong>(Exod.</strong></span> <span class='ocrx_word' id='word_1_105' title='bbox 1045 1593 1164 1661; x_wconf 82' lang='lat' dir='ltr'><strong>xu),</strong></span> <span class='ocrx_word' id='word_1_106' title='bbox 1217 1590 1297 1646; x_wconf 92' lang='lat' dir='ltr'><strong>sic</strong></span> <span class='ocrx_word' id='word_1_107' title='bbox 1341 1599 1394 1646; x_wconf 89' lang='lat' dir='ltr'><strong>et</strong></span> <span class='ocrx_word' id='word_1_108' title='bbox 1443 1591 1529 1647; x_wconf 90' lang='lat' dir='ltr'><strong>die</strong></span> <span class='ocrx_word' id='word_1_109' title='bbox 1577 1592 1780 1646; x_wconf 87' lang='lat' dir='ltr'><strong>mensis</strong></span> <span class='ocrx_word' id='word_1_110' title='bbox 1823 1592 2056 1658; x_wconf 87' lang='lat' dir='ltr'><strong>decima,</strong></span> 
     </span>
    </p>
   </div>
   <div class='ocr_carea' id='block_1_16' title="bbox 467 1678 2060 1747">
    <p class='ocr_par' dir='ltr' id='par_1_16' title="bbox 467 1678 2060 1747">
     <span class='ocr_line' id='line_1_16' title="bbox 467 1678 2060 1747; baseline 0 -13"><span class='ocrx_word' id='word_1_111' title='bbox 467 1679 556 1735; x_wconf 91' lang='lat' dir='ltr'><strong>die</strong></span> <span class='ocrx_word' id='word_1_112' title='bbox 586 1678 794 1736; x_wconf 90' lang='lat' dir='ltr'><strong>scilicet</strong></span> <span class='ocrx_word' id='word_1_113' title='bbox 823 1678 986 1747; x_wconf 70' lang='lat' dir='ltr'><strong>lunae,</strong></span> <span class='ocrx_word' id='word_1_114' title='bbox 1021 1679 1090 1734; x_wconf 94' lang='lat' dir='ltr'><strong>de</strong></span> <span class='ocrx_word' id='word_1_115' title='bbox 1121 1679 1467 1735; x_wconf 88' lang='lat' dir='ltr'><strong>observando</strong></span> <span class='ocrx_word' id='word_1_116' title='bbox 1522 1680 1739 1736; x_wconf 77' lang='lat' dir='ltr'><strong>Christo</strong></span> <span class='ocrx_word' id='word_1_117' title='bbox 1767 1680 2060 1736; x_wconf 90' lang='lat' dir='ltr'><strong>consilium</strong></span> 
     </span>
    </p>
   </div>
   <div class='ocr_carea' id='block_1_17' title="bbox 467 1776 2062 1850">
    <p class='ocr_par' dir='ltr' id='par_1_17' title="bbox 467 1776 2062 1850">
     <span class='ocr_line' id='line_1_17' title="bbox 467 1776 2062 1850; baseline -0.001 -18"><span class='ocrx_word' id='word_1_118' title='bbox 467 1785 796 1850; x_wconf 88' lang='lat' dir='ltr'><strong>acceperunt</strong></span> <span class='ocrx_word' id='word_1_119' title='bbox 825 1776 1083 1834; x_wconf 90' lang='lat' dir='ltr'><strong>doctoros</strong></span> <span class='ocrx_word' id='word_1_120' title='bbox 1113 1777 1274 1832; x_wconf 90' lang='lat' dir='ltr'><strong>vestri</strong></span> <span class='ocrx_word' id='word_1_121' title='bbox 1323 1779 1506 1847; x_wconf 82' lang='lat' dir='ltr'><strong>(Joan.</strong></span> <span class='ocrx_word' id='word_1_122' title='bbox 1542 1778 1634 1848; x_wconf 83' lang='grc' dir='ltr'>χι).</span> <span class='ocrx_word' id='word_1_123' title='bbox 1669 1777 1768 1833; x_wconf 92' lang='lat' dir='ltr'><strong>Die</strong></span> <span class='ocrx_word' id='word_1_124' title='bbox 1796 1777 2062 1850; x_wconf 85' lang='lat' dir='ltr'><strong>siquidem</strong></span> 
     </span>
    </p>
   </div>
   <div class='ocr_carea' id='block_1_18' title="bbox 470 1865 2146 1958">
    <p class='ocr_par' dir='ltr' id='par_1_18' title="bbox 470 1865 2146 1958">
     <span class='ocr_line' id='line_1_18' title="bbox 470 1865 2146 1958; baseline -0.001 -36"><span class='ocrx_word' id='word_1_125' title='bbox 470 1866 761 1922; x_wconf 90' lang='lat' dir='ltr'><strong>Dominica</strong></span> <span class='ocrx_word' id='word_1_126' title='bbox 791 1866 1118 1936; x_wconf 70' lang='lat' dir='ltr'><strong>praecedenti</strong></span> <span class='ocrx_word' id='word_1_127' title='bbox 1141 1865 1500 1934; x_wconf 85' lang='lat' dir='ltr'><strong>Hierusalem,</strong></span> <span class='ocrx_word' id='word_1_128' title='bbox 1533 1874 1592 1922; x_wconf 92' lang='lat' dir='ltr'><strong>ut</strong></span> <span class='ocrx_word' id='word_1_129' title='bbox 1619 1866 1693 1921; x_wconf 91' lang='lat' dir='ltr'><strong>ibi</strong></span> <span class='ocrx_word' id='word_1_130' title='bbox 1726 1867 1895 1921; x_wconf 89' lang='lat' dir='ltr'><strong>Phase</strong></span> <span class='ocrx_word' id='word_1_131' title='bbox 1925 1865 2067 1921; x_wconf 87' lang='lat' dir='ltr'><strong>cele—</strong></span> <span class='ocrx_word' id='word_1_132' title='bbox 2099 1897 2146 1958; x_wconf 79' lang='grc' dir='ltr'>Β</span> 
     </span>
    </p>
   </div>
   <div class='ocr_carea' id='block_1_19' title="bbox 469 1954 2066 2027">
    <p class='ocr_par' dir='ltr' id='par_1_19' title="bbox 469 1954 2066 2027">
     <span class='ocr_line' id='line_1_19' title="bbox 469 1954 2066 2027; baseline -0.002 -17"><span class='ocrx_word' id='word_1_133' title='bbox 469 1956 671 2022; x_wconf 88' lang='lat' dir='ltr'><strong>braret,</strong></span> <span class='ocrx_word' id='word_1_134' title='bbox 703 1954 954 2009; x_wconf 85' lang='lat' dir='ltr'><strong>Christus</strong></span> <span class='ocrx_word' id='word_1_135' title='bbox 998 1954 1166 2018; x_wconf 87' lang='lat' dir='ltr'><strong>venit,</strong></span> <span class='ocrx_word' id='word_1_136' title='bbox 1199 1971 1356 2026; x_wconf 90' lang='lat' dir='ltr'><strong>quem</strong></span> <span class='ocrx_word' id='word_1_137' title='bbox 1403 1970 1525 2010; x_wconf 91' lang='lat' dir='ltr'><strong>cum</strong></span> <span class='ocrx_word' id='word_1_138' title='bbox 1577 1955 1758 2010; x_wconf 73' lang='lat' dir='ltr'><strong>laetitia</strong></span> <span class='ocrx_word' id='word_1_139' title='bbox 1789 1963 1842 2010; x_wconf 82' lang='lat' dir='ltr'><strong>et</strong></span> <span class='ocrx_word' id='word_1_140' title='bbox 1873 1970 2066 2027; x_wconf 86' lang='lat' dir='ltr'><strong>pompa</strong></span> 
     </span>
    </p>
   </div>
   <div class='ocr_carea' id='block_1_20' title="bbox 471 2052 2066 2127">
    <p class='ocr_par' dir='ltr' id='par_1_20' title="bbox 471 2052 2066 2127">
     <span class='ocr_line' id='line_1_20' title="bbox 471 2052 2066 2127; baseline -0.002 -19"><span class='ocrx_word' id='word_1_141' title='bbox 471 2067 672 2127; x_wconf 86' lang='lat' dir='ltr'><strong>magna</strong></span> <span class='ocrx_word' id='word_1_142' title='bbox 701 2061 755 2108; x_wconf 93' lang='lat' dir='ltr'><strong>et</strong></span> <span class='ocrx_word' id='word_1_143' title='bbox 783 2053 989 2109; x_wconf 84' lang='lat' dir='ltr'><strong>honore</strong></span> <span class='ocrx_word' id='word_1_144' title='bbox 1017 2052 1175 2122; x_wconf 87' lang='lat' dir='ltr'><strong>plebs</strong></span> <span class='ocrx_word' id='word_1_145' title='bbox 1193 2060 1306 2108; x_wconf 92' lang='lat' dir='ltr'><strong>tota</strong></span> <span class='ocrx_word' id='word_1_146' title='bbox 1327 2053 1585 2124; x_wconf 89' lang='lat' dir='ltr'><strong>suscepit,</strong></span> <span class='ocrx_word' id='word_1_147' title='bbox 1623 2053 1767 2108; x_wconf 91' lang='lat' dir='ltr'><strong>unde</strong></span> <span class='ocrx_word' id='word_1_148' title='bbox 1788 2053 2066 2108; x_wconf 86' lang='lat' dir='ltr'><strong>doctorum</strong></span> 
     </span>
    </p>
   </div>
   <div class='ocr_carea' id='block_1_21' title="bbox 468 2139 2070 2211">
    <p class='ocr_par' dir='ltr' id='par_1_21' title="bbox 468 2139 2070 2211">
     <span class='ocr_line' id='line_1_21' title="bbox 468 2139 2070 2211; baseline -0.002 -15"><span class='ocrx_word' id='word_1_149' title='bbox 468 2141 675 2197; x_wconf 87' lang='lat' dir='ltr'><strong>invidia</strong></span> <span class='ocrx_word' id='word_1_150' title='bbox 729 2156 796 2197; x_wconf 92' lang='lat' dir='ltr'><strong>ac</strong></span> <span class='ocrx_word' id='word_1_151' title='bbox 853 2139 1244 2197; x_wconf 84' lang='lat' dir='ltr'><strong>malevolentia</strong></span> <span class='ocrx_word' id='word_1_152' title='bbox 1300 2142 1479 2211; x_wconf 83' lang='lat' dir='ltr'><strong>major</strong></span> <span class='ocrx_word' id='word_1_153' title='bbox 1517 2143 1707 2203; x_wconf 88' lang='lat' dir='ltr'><strong>crevit,</strong></span> <span class='ocrx_word' id='word_1_154' title='bbox 1759 2150 1812 2197; x_wconf 90' lang='lat' dir='ltr'><strong>et</strong></span> <span class='ocrx_word' id='word_1_155' title='bbox 1851 2141 1921 2196; x_wconf 87' lang='lat' dir='ltr'><strong>de</strong></span> <span class='ocrx_word' id='word_1_156' title='bbox 1950 2140 2070 2210; x_wconf 89' lang='lat' dir='ltr'><strong>ipso</strong></span> 
     </span>
    </p>
   </div>
   <div class='ocr_carea' id='block_1_22' title="bbox 471 2229 2069 2302">
    <p class='ocr_par' dir='ltr' id='par_1_22' title="bbox 471 2229 2069 2302">
     <span class='ocr_line' id='line_1_22' title="bbox 471 2229 2069 2302; baseline -0.001 -17"><span class='ocrx_word' id='word_1_157' title='bbox 471 2230 819 2286; x_wconf 89' lang='lat' dir='ltr'><strong>observando</strong></span> <span class='ocrx_word' id='word_1_158' title='bbox 849 2238 1010 2302; x_wconf 90' lang='lat' dir='ltr'><strong>atque</strong></span> <span class='ocrx_word' id='word_1_159' title='bbox 1057 2230 1360 2286; x_wconf 88' lang='lat' dir='ltr'><strong>occidendo</strong></span> <span class='ocrx_word' id='word_1_160' title='bbox 1404 2230 1492 2286; x_wconf 90' lang='lat' dir='ltr'><strong>die</strong></span> <span class='ocrx_word' id='word_1_161' title='bbox 1521 2230 1752 2286; x_wconf 88' lang='lat' dir='ltr'><strong>crastina</strong></span> <span class='ocrx_word' id='word_1_162' title='bbox 1781 2229 1921 2285; x_wconf 87' lang='lat' dir='ltr'><strong>alter</strong></span> <span class='ocrx_word' id='word_1_163' title='bbox 1949 2244 2069 2284; x_wconf 90' lang='lat' dir='ltr'><strong>cum</strong></span> 
     </span>
    </p>
   </div>
   <div class='ocr_carea' id='block_1_23' title="bbox 473 2317 2069 2388">
    <p class='ocr_par' dir='ltr' id='par_1_23' title="bbox 473 2317 2069 2388">
     <span class='ocr_line' id='line_1_23' title="bbox 473 2317 2069 2388; baseline 0.001 -16"><span class='ocrx_word' id='word_1_164' title='bbox 473 2318 647 2374; x_wconf 87' lang='lat' dir='ltr'><strong>altero</strong></span> <span class='ocrx_word' id='word_1_165' title='bbox 675 2317 960 2375; x_wconf 89' lang='lat' dir='ltr'><strong>consilium</strong></span> <span class='ocrx_word' id='word_1_166' title='bbox 992 2318 1156 2388; x_wconf 63' lang='lat' dir='ltr'><strong>coepit</strong></span> <span class='ocrx_word' id='word_1_167' title='bbox 1185 2318 1409 2386; x_wconf 82' lang='lat' dir='ltr'><strong>(Matth.</strong></span> <span class='ocrx_word' id='word_1_168' title='bbox 1441 2336 1534 2374; x_wconf 67' lang='lat' dir='ltr'><strong>xxx</strong></span> <span class='ocrx_word' id='word_1_169' title='bbox 1555 2334 1568 2387; x_wconf 91' lang='lat'><strong>;</strong></span> <span class='ocrx_word' id='word_1_170' title='bbox 1587 2321 1746 2376; x_wconf 84' lang='lat' dir='ltr'><strong>Joan.</strong></span> <span class='ocrx_word' id='word_1_171' title='bbox 1772 2334 1876 2388; x_wconf 83' lang='lat' dir='ltr'><strong>xu;</strong></span> <span class='ocrx_word' id='word_1_172' title='bbox 1900 2319 2069 2374; x_wconf 81' lang='lat' dir='ltr'><strong>Marc.</strong></span> 
     </span>
    </p>
   </div>
   <div class='ocr_carea' id='block_1_24' title="bbox 471 2406 2072 2478">
    <p class='ocr_par' dir='ltr' id='par_1_24' title="bbox 471 2406 2072 2478">
     <span class='ocr_line' id='line_1_24' title="bbox 471 2406 2072 2478; baseline -0.002 -15"><span class='ocrx_word' id='word_1_173' title='bbox 471 2422 566 2477; x_wconf 84' lang='lat' dir='ltr'><strong>xr;</strong></span> <span class='ocrx_word' id='word_1_174' title='bbox 631 2409 763 2464; x_wconf 86' lang='lat' dir='ltr'><strong>Luc.</strong></span> <span class='ocrx_word' id='word_1_175' title='bbox 825 2408 962 2476; x_wconf 78' lang='grc' dir='ltr'>χιχ).</span> <span class='ocrx_word' id='word_1_176' title='bbox 1022 2407 1158 2461; x_wconf 85' lang='lat' dir='ltr'><strong>Illud</strong></span> <span class='ocrx_word' id='word_1_177' title='bbox 1218 2415 1400 2462; x_wconf 90' lang='lat' dir='ltr'><strong>autem</strong></span> <span class='ocrx_word' id='word_1_178' title='bbox 1473 2408 1762 2463; x_wconf 90' lang='lat' dir='ltr'><strong>consilium</strong></span> <span class='ocrx_word' id='word_1_179' title='bbox 1805 2423 1978 2478; x_wconf 90' lang='lat' dir='ltr'><strong>usque</strong></span> <span class='ocrx_word' id='word_1_180' title='bbox 2019 2406 2072 2460; x_wconf 91' lang='lat' dir='ltr'><strong>in</strong></span> 
     </span>
    </p>
   </div>
   <div class='ocr_carea' id='block_1_25' title="bbox 469 2493 2073 2568">
    <p class='ocr_par' dir='ltr' id='par_1_25' title="bbox 469 2493 2073 2568">
     <span class='ocr_line' id='line_1_25' title="bbox 469 2493 2073 2568; baseline -0.002 -17"><span class='ocrx_word' id='word_1_181' title='bbox 469 2503 718 2568; x_wconf 86' lang='lat' dir='ltr'><strong>quartam</strong></span> <span class='ocrx_word' id='word_1_182' title='bbox 747 2495 1024 2550; x_wconf 89' lang='lat' dir='ltr'><strong>decimam</strong></span> <span class='ocrx_word' id='word_1_183' title='bbox 1055 2495 1198 2550; x_wconf 90' lang='lat' dir='ltr'><strong>diem</strong></span> <span class='ocrx_word' id='word_1_184' title='bbox 1260 2502 1462 2551; x_wconf 91' lang='lat' dir='ltr'><strong>tectum</strong></span> <span class='ocrx_word' id='word_1_185' title='bbox 1495 2503 1545 2551; x_wconf 89' lang='lat' dir='ltr'><strong>et</strong></span> <span class='ocrx_word' id='word_1_186' title='bbox 1574 2495 1806 2552; x_wconf 88' lang='lat' dir='ltr'><strong>celatum</strong></span> <span class='ocrx_word' id='word_1_187' title='bbox 1844 2495 1965 2551; x_wconf 89' lang='lat' dir='ltr'><strong>fuit.</strong></span> <span class='ocrx_word' id='word_1_188' title='bbox 2005 2493 2073 2548; x_wconf 89' lang='lat' dir='ltr'><strong>Et</strong></span> 
     </span>
    </p>
   </div>
   <div class='ocr_carea' id='block_1_26' title="bbox 467 2582 2075 2655">
    <p class='ocr_par' dir='ltr' id='par_1_26' title="bbox 467 2582 2075 2655">
     <span class='ocr_line' id='line_1_26' title="bbox 467 2582 2075 2655; baseline -0.002 -14"><span class='ocrx_word' id='word_1_189' title='bbox 467 2585 607 2641; x_wconf 90' lang='lat' dir='ltr'><strong>sicut</strong></span> <span class='ocrx_word' id='word_1_190' title='bbox 635 2599 814 2655; x_wconf 86' lang='lat' dir='ltr'><strong>agnus</strong></span> <span class='ocrx_word' id='word_1_191' title='bbox 842 2582 936 2638; x_wconf 92' lang='lat' dir='ltr'><strong>ille</strong></span> <span class='ocrx_word' id='word_1_192' title='bbox 965 2583 1244 2639; x_wconf 84' lang='lat' dir='ltr'><strong>masculus</strong></span> <span class='ocrx_word' id='word_1_193' title='bbox 1274 2599 1418 2648; x_wconf 91' lang='lat' dir='ltr'><strong>esse,</strong></span> <span class='ocrx_word' id='word_1_194' title='bbox 1461 2584 1759 2654; x_wconf 88' lang='lat' dir='ltr'><strong>acjuvenis</strong></span> <span class='ocrx_word' id='word_1_195' title='bbox 1783 2600 1906 2639; x_wconf 87' lang='lat' dir='ltr'><strong>esse</strong></span> <span class='ocrx_word' id='word_1_196' title='bbox 1937 2600 2075 2654; x_wconf 69' lang='lat' dir='ltr'><strong>pra:-</strong></span> 
     </span>
    </p>
   </div>
   <div class='ocr_carea' id='block_1_27' title="bbox 467 2670 2074 2744">
    <p class='ocr_par' dir='ltr' id='par_1_27' title="bbox 467 2670 2074 2744">
     <span class='ocr_line' id='line_1_27' title="bbox 467 2670 2074 2744; baseline -0.003 -15"><span class='ocrx_word' id='word_1_197' title='bbox 467 2681 659 2744; x_wconf 89' lang='lat' dir='ltr'><strong>ceptus</strong></span> <span class='ocrx_word' id='word_1_198' title='bbox 698 2679 800 2737; x_wconf 91' lang='lat' dir='ltr'><strong>est,</strong></span> <span class='ocrx_word' id='word_1_199' title='bbox 852 2687 916 2727; x_wconf 89' lang='lat' dir='ltr'><strong>ac</strong></span> <span class='ocrx_word' id='word_1_200' title='bbox 943 2671 1062 2726; x_wconf 88' lang='lat' dir='ltr'><strong>sine</strong></span> <span class='ocrx_word' id='word_1_201' title='bbox 1107 2670 1420 2727; x_wconf 83' lang='lat' dir='ltr'><strong>infirmitate</strong></span> <span class='ocrx_word' id='word_1_202' title='bbox 1486 2673 1664 2739; x_wconf 89' lang='lat' dir='ltr'><strong>omni,</strong></span> <span class='ocrx_word' id='word_1_203' title='bbox 1713 2672 1788 2726; x_wconf 90' lang='lat' dir='ltr'><strong>ita</strong></span> <span class='ocrx_word' id='word_1_204' title='bbox 1831 2673 2074 2728; x_wconf 83' lang='lat' dir='ltr'><strong>Christus</strong></span> 
     </span>
    </p>
   </div>
   <div class='ocr_carea' id='block_1_28' title="bbox 468 2759 2069 2832">
    <p class='ocr_par' dir='ltr' id='par_1_28' title="bbox 468 2759 2069 2832">
     <span class='ocr_line' id='line_1_28' title="bbox 468 2759 2069 2832; baseline 0 -14"><span class='ocrx_word' id='word_1_205' title='bbox 468 2771 523 2818; x_wconf 88' lang='lat' dir='ltr'><strong>et</strong></span> <span class='ocrx_word' id='word_1_206' title='bbox 549 2760 852 2825; x_wconf 86' lang='lat' dir='ltr'><strong>masculus,</strong></span> <span class='ocrx_word' id='word_1_207' title='bbox 887 2768 940 2816; x_wconf 88' lang='lat' dir='ltr'><strong>et</strong></span> <span class='ocrx_word' id='word_1_208' title='bbox 963 2759 1210 2832; x_wconf 86' lang='lat' dir='ltr'><strong>juvenis,</strong></span> <span class='ocrx_word' id='word_1_209' title='bbox 1256 2768 1310 2815; x_wconf 91' lang='lat' dir='ltr'><strong>et</strong></span> <span class='ocrx_word' id='word_1_210' title='bbox 1352 2761 1498 2816; x_wconf 89' lang='lat' dir='ltr'><strong>omni</strong></span> <span class='ocrx_word' id='word_1_211' title='bbox 1530 2760 1863 2826; x_wconf 84' lang='lat' dir='ltr'><strong>inﬁrmitate,</strong></span> <span class='ocrx_word' id='word_1_212' title='bbox 1897 2761 1947 2815; x_wconf 93' lang='lat' dir='ltr'>id</span> <span class='ocrx_word' id='word_1_213' title='bbox 1981 2773 2069 2819; x_wconf 86' lang='lat' dir='ltr'><strong>est</strong></span> 
     </span>
    </p>
   </div>
   <div class='ocr_carea' id='block_1_29' title="bbox 465 2847 2070 2924">
    <p class='ocr_par' dir='ltr' id='par_1_29' title="bbox 465 2847 2070 2924">
     <span class='ocr_line' id='line_1_29' title="bbox 465 2847 2070 2924; baseline -0.002 -16"><span class='ocrx_word' id='word_1_214' title='bbox 465 2858 694 2924; x_wconf 88' lang='lat' dir='ltr'><strong>peccato</strong></span> <span class='ocrx_word' id='word_1_215' title='bbox 721 2865 918 2906; x_wconf 84' lang='lat' dir='ltr'><strong>carens</strong></span> <span class='ocrx_word' id='word_1_216' title='bbox 951 2847 1050 2904; x_wconf 82' lang='lat' dir='ltr'><strong>fuit</strong></span> <span class='ocrx_word' id='word_1_217' title='bbox 1080 2849 1129 2919; x_wconf 94' lang='grc'><strong>(1</strong></span> <span class='ocrx_word' id='word_1_218' title='bbox 1157 2851 1311 2904; x_wconf 81' lang='lat' dir='ltr'><strong>Petr.</strong></span> <span class='ocrx_word' id='word_1_219' title='bbox 1361 2849 1440 2921; x_wconf 87' lang='grc' dir='ltr'>ιι).</span> <span class='ocrx_word' id='word_1_220' title='bbox 1490 2848 1649 2918; x_wconf 86' lang='lat' dir='ltr'><strong>Quod</strong></span> <span class='ocrx_word' id='word_1_221' title='bbox 1677 2858 1856 2905; x_wconf 90' lang='lat' dir='ltr'><strong>autem</strong></span> <span class='ocrx_word' id='word_1_222' title='bbox 1897 2850 2070 2905; x_wconf 83' lang='lat' dir='ltr'><strong>hostia</strong></span> 
     </span>
    </p>
   </div>
   <div class='ocr_carea' id='block_1_30' title="bbox 465 2937 2068 3010">
    <p class='ocr_par' dir='ltr' id='par_1_30' title="bbox 465 2937 2068 3010">
     <span class='ocr_line' id='line_1_30' title="bbox 465 2937 2068 3010; baseline -0.001 -14"><span class='ocrx_word' id='word_1_223' title='bbox 465 2940 556 2996; x_wconf 88' lang='lat' dir='ltr'><strong>illa</strong></span> <span class='ocrx_word' id='word_1_224' title='bbox 585 2941 654 2996; x_wconf 93' lang='lat' dir='ltr'><strong>de</strong></span> <span class='ocrx_word' id='word_1_225' title='bbox 682 2954 784 2994; x_wconf 92' lang='lat' dir='ltr'><strong>ove</strong></span> <span class='ocrx_word' id='word_1_226' title='bbox 816 2937 902 2993; x_wconf 86' lang='lat' dir='ltr'><strong>vel</strong></span> <span class='ocrx_word' id='word_1_227' title='bbox 933 2952 1104 3008; x_wconf 90' lang='lat' dir='ltr'><strong>capra</strong></span> <span class='ocrx_word' id='word_1_228' title='bbox 1134 2937 1308 3008; x_wconf 77' lang='lat' dir='ltr'><strong>accipi</strong></span> <span class='ocrx_word' id='word_1_229' title='bbox 1339 2943 1616 3010; x_wconf 66' lang='lat' dir='ltr'><strong>praecepta</strong></span> <span class='ocrx_word' id='word_1_230' title='bbox 1645 2947 1748 3004; x_wconf 89' lang='lat' dir='ltr'><strong>est,</strong></span> <span class='ocrx_word' id='word_1_231' title='bbox 1781 2947 1833 2994; x_wconf 82' lang='lat' dir='ltr'><strong>et</strong></span> <span class='ocrx_word' id='word_1_232' title='bbox 1861 2955 1970 2994; x_wconf 91' lang='lat' dir='ltr'><strong>non</strong></span> <span class='ocrx_word' id='word_1_233' title='bbox 2001 2939 2068 2994; x_wconf 90' lang='lat' dir='ltr'><strong>de</strong></span> 
     </span>
    </p>
   </div>
   <div class='ocr_carea' id='block_1_31' title="bbox 466 3025 2068 3100">
    <p class='ocr_par' dir='ltr' id='par_1_31' title="bbox 466 3025 2068 3100">
     <span class='ocr_line' id='line_1_31' title="bbox 466 3025 2068 3100; baseline -0.001 -16"><span class='ocrx_word' id='word_1_234' title='bbox 466 3043 651 3095; x_wconf 81' lang='lat' dir='ltr'><strong>vacca,</strong></span> <span class='ocrx_word' id='word_1_235' title='bbox 685 3027 811 3084; x_wconf 91' lang='lat' dir='ltr'><strong>licet</strong></span> <span class='ocrx_word' id='word_1_236' title='bbox 847 3026 914 3082; x_wconf 86' lang='lat' dir='ltr'><strong>de</strong></span> <span class='ocrx_word' id='word_1_237' title='bbox 959 3025 1291 3082; x_wconf 83' lang='lat' dir='ltr'><strong>animalibus</strong></span> <span class='ocrx_word' id='word_1_238' title='bbox 1332 3027 1437 3082; x_wconf 90' lang='lat' dir='ltr'><strong>illis</strong></span> <span class='ocrx_word' id='word_1_239' title='bbox 1467 3042 1634 3083; x_wconf 88' lang='lat' dir='ltr'><strong>vacca</strong></span> <span class='ocrx_word' id='word_1_240' title='bbox 1663 3027 1732 3083; x_wconf 89' lang='lat' dir='ltr'><strong>sit</strong></span> <span class='ocrx_word' id='word_1_241' title='bbox 1759 3028 1828 3082; x_wconf 85' lang='lat' dir='ltr'><strong>de</strong></span> <span class='ocrx_word' id='word_1_242' title='bbox 1873 3027 2068 3100; x_wconf 90' lang='lat' dir='ltr'><strong>quibus</strong></span> 
     </span>
    </p>
   </div>
   <div class='ocr_carea' id='block_1_32' title="bbox 467 3122 2068 3195">
    <p class='ocr_par' dir='ltr' id='par_1_32' title="bbox 467 3122 2068 3195">
     <span class='ocr_line' id='line_1_32' title="bbox 467 3122 2068 3195; baseline -0.002 -13"><span class='ocrx_word' id='word_1_243' title='bbox 467 3125 587 3182; x_wconf 86' lang='lat' dir='ltr'><strong>ﬁeri</strong></span> <span class='ocrx_word' id='word_1_244' title='bbox 652 3122 978 3180; x_wconf 81' lang='lat' dir='ltr'><strong>sacrificium</strong></span> <span class='ocrx_word' id='word_1_245' title='bbox 1021 3123 1078 3178; x_wconf 90' lang='lat' dir='ltr'><strong>in</strong></span> <span class='ocrx_word' id='word_1_246' title='bbox 1123 3123 1246 3195; x_wconf 88' lang='lat' dir='ltr'><strong>lege</strong></span> <span class='ocrx_word' id='word_1_247' title='bbox 1291 3133 1626 3194; x_wconf 69' lang='lat' dir='ltr'><strong>prmeeptum</strong></span> <span class='ocrx_word' id='word_1_248' title='bbox 1673 3124 1790 3190; x_wconf 91' lang='lat' dir='ltr'><strong>fuit,</strong></span> <span class='ocrx_word' id='word_1_249' title='bbox 1840 3133 2068 3195; x_wconf 81' lang='lat' dir='ltr'><strong>prOpter</strong></span> 
     </span>
    </p>
   </div>
   <div class='ocr_carea' id='block_1_33' title="bbox 465 3211 2067 3283">
    <p class='ocr_par' dir='ltr' id='par_1_33' title="bbox 465 3211 2067 3283">
     <span class='ocr_line' id='line_1_33' title="bbox 465 3211 2067 3283; baseline -0.003 -13"><span class='ocrx_word' id='word_1_250' title='bbox 465 3217 569 3272; x_wconf 77' lang='lat' dir='ltr'><strong>hoc</strong></span> <span class='ocrx_word' id='word_1_251' title='bbox 613 3213 812 3270; x_wconf 84' lang='lat' dir='ltr'><strong>factum</strong></span> <span class='ocrx_word' id='word_1_252' title='bbox 863 3220 946 3267; x_wconf 88' lang='lat' dir='ltr'><strong>est</strong></span> <span class='ocrx_word' id='word_1_253' title='bbox 986 3211 1131 3283; x_wconf 92' lang='lat' dir='ltr'><strong>quod</strong></span> <span class='ocrx_word' id='word_1_254' title='bbox 1189 3211 1308 3266; x_wconf 90' lang='lat' dir='ltr'><strong>ovis</strong></span> <span class='ocrx_word' id='word_1_255' title='bbox 1364 3212 1450 3267; x_wconf 89' lang='lat' dir='ltr'><strong>vel</strong></span> <span class='ocrx_word' id='word_1_256' title='bbox 1478 3228 1646 3283; x_wconf 90' lang='lat' dir='ltr'><strong>capra</strong></span> <span class='ocrx_word' id='word_1_257' title='bbox 1686 3230 1809 3268; x_wconf 92' lang='lat' dir='ltr'><strong>cum</strong></span> <span class='ocrx_word' id='word_1_258' title='bbox 1856 3213 2067 3282; x_wconf 85' lang='lat' dir='ltr'><strong>capitur</strong></span> 
     </span>
    </p>
   </div>
   <div class='ocr_carea' id='block_1_34' title="bbox 464 3299 2068 3374">
    <p class='ocr_par' dir='ltr' id='par_1_34' title="bbox 464 3299 2068 3374">
     <span class='ocr_line' id='line_1_34' title="bbox 464 3299 2068 3374; baseline -0.002 -15"><span class='ocrx_word' id='word_1_259' title='bbox 464 3319 572 3360; x_wconf 91' lang='lat' dir='ltr'><strong>non</strong></span> <span class='ocrx_word' id='word_1_260' title='bbox 605 3310 872 3374; x_wconf 83' lang='lat' dir='ltr'><strong>repugnat</strong></span> <span class='ocrx_word' id='word_1_261' title='bbox 908 3300 1052 3355; x_wconf 88' lang='lat' dir='ltr'><strong>sicut</strong></span> <span class='ocrx_word' id='word_1_262' title='bbox 1092 3315 1258 3357; x_wconf 87' lang='lat' dir='ltr'><strong>vacca</strong></span> <span class='ocrx_word' id='word_1_263' title='bbox 1315 3299 1468 3356; x_wconf 82' lang='lat' dir='ltr'><strong>facit.</strong></span> <span class='ocrx_word' id='word_1_264' title='bbox 1523 3303 1592 3356; x_wconf 88' lang='lat' dir='ltr'><strong>Et</strong></span> <span class='ocrx_word' id='word_1_265' title='bbox 1640 3302 1857 3372; x_wconf 85' lang='lat' dir='ltr'><strong>signum</strong></span> <span class='ocrx_word' id='word_1_266' title='bbox 1903 3301 2068 3357; x_wconf 88' lang='lat' dir='ltr'><strong>etiam</strong></span> 
     </span>
    </p>
   </div>
   <div class='ocr_carea' id='block_1_35' title="bbox 467 3397 2070 3472">
    <p class='ocr_par' dir='ltr' id='par_1_35' title="bbox 467 3397 2070 3472">
     <span class='ocr_line' id='line_1_35' title="bbox 467 3397 2070 3472; baseline -0.001 -16"><span class='ocrx_word' id='word_1_267' title='bbox 467 3401 584 3467; x_wconf 89' lang='lat' dir='ltr'><strong>fuit,</strong></span> <span class='ocrx_word' id='word_1_268' title='bbox 619 3399 764 3472; x_wconf 91' lang='lat' dir='ltr'><strong>quod</strong></span> <span class='ocrx_word' id='word_1_269' title='bbox 796 3397 1044 3454; x_wconf 89' lang='lat' dir='ltr'><strong>Christus</strong></span> <span class='ocrx_word' id='word_1_270' title='bbox 1072 3412 1195 3453; x_wconf 93' lang='lat' dir='ltr'><strong>cum</strong></span> <span class='ocrx_word' id='word_1_271' title='bbox 1227 3405 1419 3468; x_wconf 91' lang='lat' dir='ltr'><strong>captus</strong></span> <span class='ocrx_word' id='word_1_272' title='bbox 1450 3407 1531 3454; x_wconf 88' lang='lat' dir='ltr'><strong>est</strong></span> <span class='ocrx_word' id='word_1_273' title='bbox 1560 3414 1671 3454; x_wconf 91' lang='lat' dir='ltr'><strong>non</strong></span> <span class='ocrx_word' id='word_1_274' title='bbox 1703 3399 1920 3466; x_wconf 89' lang='lat' dir='ltr'><strong>restitit,</strong></span> <span class='ocrx_word' id='word_1_275' title='bbox 1967 3413 2070 3454; x_wconf 93' lang='lat' dir='ltr'><strong>nec</strong></span> 
     </span>
    </p>
   </div>
   <div class='ocr_carea' id='block_1_36' title="bbox 469 3485 2068 3560">
    <p class='ocr_par' dir='ltr' id='par_1_36' title="bbox 469 3485 2068 3560">
     <span class='ocr_line' id='line_1_36' title="bbox 469 3485 2068 3560; baseline -0.001 -16"><span class='ocrx_word' id='word_1_276' title='bbox 469 3506 532 3546; x_wconf 87' lang='lat' dir='ltr'><strong>se</strong></span> <span class='ocrx_word' id='word_1_277' title='bbox 558 3498 617 3544; x_wconf 92' lang='lat' dir='ltr'><strong>ut</strong></span> <span class='ocrx_word' id='word_1_278' title='bbox 644 3497 842 3560; x_wconf 90' lang='lat' dir='ltr'><strong>posset</strong></span> <span class='ocrx_word' id='word_1_279' title='bbox 872 3485 1136 3542; x_wconf 85' lang='lat' dir='ltr'><strong>defendit.</strong></span> <span class='ocrx_word' id='word_1_280' title='bbox 1172 3485 1338 3549; x_wconf 88' lang='lat' dir='ltr'><strong>Quod</strong></span> <span class='ocrx_word' id='word_1_281' title='bbox 1379 3502 1510 3542; x_wconf 89' lang='lat' dir='ltr'><strong>vero</strong></span> <span class='ocrx_word' id='word_1_282' title='bbox 1553 3487 1620 3542; x_wconf 90' lang='lat' dir='ltr'><strong>ab</strong></span> <span class='ocrx_word' id='word_1_283' title='bbox 1649 3487 1797 3544; x_wconf 91' lang='lat' dir='ltr'><strong>omni</strong></span> <span class='ocrx_word' id='word_1_284' title='bbox 1828 3488 2068 3543; x_wconf 91' lang='lat' dir='ltr'><strong>multitu-</strong></span> 
     </span>
    </p>
   </div>
   <div class='ocr_carea' id='block_1_37' title="bbox 470 3582 2069 3656">
    <p class='ocr_par' dir='ltr' id='par_1_37' title="bbox 470 3582 2069 3656">
     <span class='ocr_line' id='line_1_37' title="bbox 470 3582 2069 3656; baseline -0.001 -14"><span class='ocrx_word' id='word_1_285' title='bbox 470 3586 600 3642; x_wconf 92' lang='lat' dir='ltr'><strong>dine</strong></span> <span class='ocrx_word' id='word_1_286' title='bbox 631 3585 865 3640; x_wconf 84' lang='lat' dir='ltr'><strong>ﬁliorum</strong></span> <span class='ocrx_word' id='word_1_287' title='bbox 897 3583 1067 3638; x_wconf 86' lang='lat' dir='ltr'><strong>Israel</strong></span> <span class='ocrx_word' id='word_1_288' title='bbox 1089 3582 1284 3654; x_wconf 81' lang='lat' dir='ltr'><strong>jussus</strong></span> <span class='ocrx_word' id='word_1_289' title='bbox 1306 3591 1386 3638; x_wconf 92' lang='lat' dir='ltr'><strong>est</strong></span> <span class='ocrx_word' id='word_1_290' title='bbox 1408 3583 1696 3652; x_wconf 89' lang='lat' dir='ltr'><strong>immolari,</strong></span> <span class='ocrx_word' id='word_1_291' title='bbox 1729 3600 1850 3640; x_wconf 91' lang='lat' dir='ltr'><strong>cum</strong></span> <span class='ocrx_word' id='word_1_292' title='bbox 1883 3585 2069 3656; x_wconf 83' lang='lat' dir='ltr'><strong>singu-</strong></span> 
     </span>
    </p>
   </div>
   <div class='ocr_carea' id='block_1_38' title="bbox 472 3671 2066 3744">
    <p class='ocr_par' dir='ltr' id='par_1_38' title="bbox 472 3671 2066 3744">
     <span class='ocr_line' id='line_1_38' title="bbox 472 3671 2066 3744; baseline -0.001 -14"><span class='ocrx_word' id='word_1_293' title='bbox 472 3673 659 3730; x_wconf 89' lang='lat' dir='ltr'><strong>lariter</strong></span> <span class='ocrx_word' id='word_1_294' title='bbox 687 3673 757 3730; x_wconf 90' lang='lat' dir='ltr'><strong>de</strong></span> <span class='ocrx_word' id='word_1_295' title='bbox 788 3687 895 3728; x_wconf 91' lang='lat' dir='ltr'><strong>uno</strong></span> <span class='ocrx_word' id='word_1_296' title='bbox 927 3679 1264 3744; x_wconf 66' lang='lat' dir='ltr'><strong>praeceptum</strong></span> <span class='ocrx_word' id='word_1_297' title='bbox 1283 3671 1369 3741; x_wconf 89' lang='lat' dir='ltr'><strong>sit,</strong></span> <span class='ocrx_word' id='word_1_298' title='bbox 1390 3672 1517 3728; x_wconf 88' lang='lat' dir='ltr'><strong>licet</strong></span> <span class='ocrx_word' id='word_1_299' title='bbox 1543 3688 1651 3728; x_wconf 92' lang='lat' dir='ltr'><strong>non</strong></span> <span class='ocrx_word' id='word_1_300' title='bbox 1671 3689 1862 3728; x_wconf 89' lang='lat' dir='ltr'><strong>omnes</strong></span> <span class='ocrx_word' id='word_1_301' title='bbox 1880 3690 2066 3739; x_wconf 91' lang='lat' dir='ltr'><strong>unum,</strong></span> 
     </span>
    </p>
   </div>
   <div class='ocr_carea' id='block_1_39' title="bbox 471 3769 2070 3846">
    <p class='ocr_par' dir='ltr' id='par_1_39' title="bbox 471 3769 2070 3846">
     <span class='ocr_line' id='line_1_39' title="bbox 471 3769 2070 3846; baseline 0.001 -20"><span class='ocrx_word' id='word_1_302' title='bbox 471 3771 568 3826; x_wconf 92' lang='lat' dir='ltr'><strong>sed</strong></span> <span class='ocrx_word' id='word_1_303' title='bbox 599 3770 972 3842; x_wconf 87' lang='lat' dir='ltr'><strong>unusquisque</strong></span> <span class='ocrx_word' id='word_1_304' title='bbox 1000 3784 1100 3840; x_wconf 91' lang='lat' dir='ltr'><strong>per</strong></span> <span class='ocrx_word' id='word_1_305' title='bbox 1128 3769 1322 3846; x_wconf 74' lang='lat' dir='ltr'><strong>domos</strong></span> <span class='ocrx_word' id='word_1_306' title='bbox 1351 3777 1402 3824; x_wconf 92' lang='lat' dir='ltr'><strong>et</strong></span> <span class='ocrx_word' id='word_1_307' title='bbox 1434 3769 1669 3824; x_wconf 87' lang='lat' dir='ltr'><strong>familias</strong></span> <span class='ocrx_word' id='word_1_308' title='bbox 1690 3787 1846 3825; x_wconf 91' lang='lat' dir='ltr'><strong>suum</strong></span> <span class='ocrx_word' id='word_1_309' title='bbox 1877 3771 2070 3828; x_wconf 87' lang='lat' dir='ltr'><strong>immo-</strong></span> 
     </span>
    </p>
   </div>
   <div class='ocr_carea' id='block_1_40' title="bbox 467 3857 2072 3932">
    <p class='ocr_par' dir='ltr' id='par_1_40' title="bbox 467 3857 2072 3932">
     <span class='ocr_line' id='line_1_40' title="bbox 467 3857 2072 3932; baseline 0.001 -18"><span class='ocrx_word' id='word_1_310' title='bbox 467 3860 614 3924; x_wconf 91' lang='lat' dir='ltr'><strong>larit,</strong></span> <span class='ocrx_word' id='word_1_311' title='bbox 649 3857 962 3932; x_wconf 80' lang='lat' dir='ltr'><strong>designavit</strong></span> <span class='ocrx_word' id='word_1_312' title='bbox 1003 3857 1150 3929; x_wconf 92' lang='lat' dir='ltr'><strong>quod</strong></span> <span class='ocrx_word' id='word_1_313' title='bbox 1198 3857 1376 3912; x_wconf 90' lang='lat' dir='ltr'><strong>omnis</strong></span> <span class='ocrx_word' id='word_1_314' title='bbox 1421 3857 1741 3914; x_wconf 65' lang='lat' dir='ltr'><strong>Judaaorum</strong></span> <span class='ocrx_word' id='word_1_315' title='bbox 1789 3859 2072 3915; x_wconf 91' lang='lat' dir='ltr'><strong>multitudo</strong></span> 
     </span>
    </p>
   </div>
   <div class='ocr_carea' id='block_1_41' title="bbox 473 3954 2069 4024">
    <p class='ocr_par' dir='ltr' id='par_1_41' title="bbox 473 3954 2069 4024">
     <span class='ocr_line' id='line_1_41' title="bbox 473 3954 2069 4024; baseline -0.003 -12"><span class='ocrx_word' id='word_1_316' title='bbox 473 3956 742 4014; x_wconf 89' lang='lat' dir='ltr'><strong>Christum</strong></span> <span class='ocrx_word' id='word_1_317' title='bbox 791 3954 1013 4012; x_wconf 90' lang='lat' dir='ltr'><strong>occidit.</strong></span> <span class='ocrx_word' id='word_1_318' title='bbox 1078 3954 1225 4010; x_wconf 90' lang='lat' dir='ltr'><strong>Licet</strong></span> <span class='ocrx_word' id='word_1_319' title='bbox 1283 3954 1424 4010; x_wconf 91' lang='lat' dir='ltr'><strong>enim</strong></span> <span class='ocrx_word' id='word_1_320' title='bbox 1483 3971 1591 4010; x_wconf 92' lang='lat' dir='ltr'><strong>non</strong></span> <span class='ocrx_word' id='word_1_321' title='bbox 1643 3956 1821 4012; x_wconf 90' lang='lat' dir='ltr'><strong>omnis</strong></span> <span class='ocrx_word' id='word_1_322' title='bbox 1876 3957 2069 4024; x_wconf 79' lang='lat' dir='ltr'><strong>adfuit,</strong></span> 
     </span>
    </p>
   </div>
   <div class='ocr_carea' id='block_1_42' title="bbox 473 4043 2072 4114">
    <p class='ocr_par' dir='ltr' id='par_1_42' title="bbox 473 4043 2072 4114">
     <span class='ocr_line' id='line_1_42' title="bbox 473 4043 2072 4114; baseline -0.001 -10"><span class='ocrx_word' id='word_1_323' title='bbox 473 4045 650 4104; x_wconf 89' lang='lat' dir='ltr'><strong>omnis</strong></span> <span class='ocrx_word' id='word_1_324' title='bbox 706 4053 888 4100; x_wconf 89' lang='lat' dir='ltr'><strong>tamen</strong></span> <span class='ocrx_word' id='word_1_325' title='bbox 943 4059 1227 4099; x_wconf 90' lang='lat' dir='ltr'><strong>assensum</strong></span> <span class='ocrx_word' id='word_1_326' title='bbox 1297 4043 1550 4114; x_wconf 73' lang='lat' dir='ltr'><strong>praebuit.</strong></span> <span class='ocrx_word' id='word_1_327' title='bbox 1609 4045 1747 4113; x_wconf 86' lang='lat' dir='ltr'><strong>Quia</strong></span> <span class='ocrx_word' id='word_1_328' title='bbox 1804 4062 1937 4102; x_wconf 89' lang='lat' dir='ltr'><strong>vero</strong></span> <span class='ocrx_word' id='word_1_329' title='bbox 1983 4047 2072 4102; x_wconf 91' lang='lat' dir='ltr'><strong>die</strong></span> 
     </span>
    </p>
   </div>
   <div class='ocr_carea' id='block_1_43' title="bbox 471 4130 2075 4207">
    <p class='ocr_par' dir='ltr' id='par_1_43' title="bbox 471 4130 2075 4207">
     <span class='ocr_line' id='line_1_43' title="bbox 471 4130 2075 4207; baseline 0.001 -18"><span class='ocrx_word' id='word_1_330' title='bbox 471 4141 662 4207; x_wconf 89' lang='lat' dir='ltr'><strong>quarta</strong></span> <span class='ocrx_word' id='word_1_331' title='bbox 690 4132 929 4198; x_wconf 90' lang='lat' dir='ltr'><strong>decima,</strong></span> <span class='ocrx_word' id='word_1_332' title='bbox 963 4139 1016 4186; x_wconf 91' lang='lat' dir='ltr'><strong>et</strong></span> <span class='ocrx_word' id='word_1_333' title='bbox 1049 4130 1191 4186; x_wconf 91' lang='lat' dir='ltr'><strong>inter</strong></span> <span class='ocrx_word' id='word_1_334' title='bbox 1219 4131 1329 4186; x_wconf 94' lang='lat' dir='ltr'><strong>duo</strong></span> <span class='ocrx_word' id='word_1_335' title='bbox 1359 4148 1613 4200; x_wconf 86' lang='lat' dir='ltr'><strong>vespera,</strong></span> <span class='ocrx_word' id='word_1_336' title='bbox 1660 4133 1950 4190; x_wconf 91' lang='lat' dir='ltr'><strong>videndum</strong></span> <span class='ocrx_word' id='word_1_337' title='bbox 1993 4142 2075 4190; x_wconf 90' lang='lat' dir='ltr'><strong>est</strong></span> 
     </span>
    </p>
   </div>
   <div class='ocr_carea' id='block_1_44' title="bbox 474 4219 2072 4296">
    <p class='ocr_par' dir='ltr' id='par_1_44' title="bbox 474 4219 2072 4296">
     <span class='ocr_line' id='line_1_44' title="bbox 474 4219 2072 4296; baseline 0.001 -19"><span class='ocrx_word' id='word_1_338' title='bbox 474 4240 595 4296; x_wconf 78' lang='lat' dir='ltr'><strong>quae</strong></span> <span class='ocrx_word' id='word_1_339' title='bbox 626 4221 733 4276; x_wconf 90' lang='lat' dir='ltr'><strong>sint</strong></span> <span class='ocrx_word' id='word_1_340' title='bbox 760 4221 868 4276; x_wconf 94' lang='lat' dir='ltr'><strong>duo</strong></span> <span class='ocrx_word' id='word_1_341' title='bbox 896 4219 1004 4274; x_wconf 92' lang='lat' dir='ltr'><strong>diei</strong></span> <span class='ocrx_word' id='word_1_342' title='bbox 1023 4235 1274 4290; x_wconf 89' lang='lat' dir='ltr'><strong>vespera.</strong></span> <span class='ocrx_word' id='word_1_343' title='bbox 1300 4221 1364 4275; x_wconf 81' lang='lat' dir='ltr'><strong>Et</strong></span> <span class='ocrx_word' id='word_1_344' title='bbox 1384 4237 1548 4276; x_wconf 92' lang='lat' dir='ltr'><strong>unum</strong></span> <span class='ocrx_word' id='word_1_345' title='bbox 1571 4221 1790 4294; x_wconf 90' lang='lat' dir='ltr'><strong>quidem</strong></span> <span class='ocrx_word' id='word_1_346' title='bbox 1823 4231 1924 4289; x_wconf 89' lang='lat' dir='ltr'><strong>est,</strong></span> <span class='ocrx_word' id='word_1_347' title='bbox 1947 4239 2072 4280; x_wconf 92' lang='lat' dir='ltr'><strong>cum</strong></span> 
     </span>
    </p>
   </div>
   <div class='ocr_carea' id='block_1_45' title="bbox 475 4317 2072 4392">
    <p class='ocr_par' dir='ltr' id='par_1_45' title="bbox 475 4317 2072 4392">
     <span class='ocr_line' id='line_1_45' title="bbox 475 4317 2072 4392; baseline 0.001 -16"><span class='ocrx_word' id='word_1_348' title='bbox 475 4320 558 4376; x_wconf 91' lang='lat' dir='ltr'><strong>sol</strong></span> <span class='ocrx_word' id='word_1_349' title='bbox 585 4336 616 4374; x_wconf 89' lang='lat' dir='ltr'><strong>a</strong></span> <span class='ocrx_word' id='word_1_350' title='bbox 645 4318 826 4374; x_wconf 90' lang='lat' dir='ltr'><strong>medio</strong></span> <span class='ocrx_word' id='word_1_351' title='bbox 856 4317 979 4372; x_wconf 66' lang='grc' dir='ltr'><strong>σατιί</strong></span> <span class='ocrx_word' id='word_1_352' title='bbox 1008 4326 1208 4388; x_wconf 91' lang='lat' dir='ltr'><strong>puncto</strong></span> <span class='ocrx_word' id='word_1_353' title='bbox 1229 4318 1568 4375; x_wconf 89' lang='lat' dir='ltr'><strong>descendere</strong></span> <span class='ocrx_word' id='word_1_354' title='bbox 1599 4319 1804 4392; x_wconf 83' lang='lat' dir='ltr'><strong>incipit,</strong></span> <span class='ocrx_word' id='word_1_355' title='bbox 1837 4323 2072 4378; x_wconf 89' lang='lat' dir='ltr'><strong>alterum</strong></span> 
     </span>
    </p>
   </div>
   <div class='ocr_carea' id='block_1_46' title="bbox 480 4408 2074 4474">
    <p class='ocr_par' dir='ltr' id='par_1_46' title="bbox 480 4408 2074 4474">
     <span class='ocr_line' id='line_1_46' title="bbox 480 4408 2074 4474; baseline 0.002 -10"><span class='ocrx_word' id='word_1_356' title='bbox 480 4424 634 4474; x_wconf 89' lang='lat' dir='ltr'><strong>vero,</strong></span> <span class='ocrx_word' id='word_1_357' title='bbox 663 4423 783 4464; x_wconf 88' lang='lat' dir='ltr'><strong>cum</strong></span> <span class='ocrx_word' id='word_1_358' title='bbox 813 4414 940 4460; x_wconf 88' lang='lat' dir='ltr'><strong>ante</strong></span> <span class='ocrx_word' id='word_1_359' title='bbox 967 4413 1180 4461; x_wconf 86' lang='lat' dir='ltr'><strong>noctem</strong></span> <span class='ocrx_word' id='word_1_360' title='bbox 1211 4421 1285 4461; x_wconf 83' lang='lat' dir='ltr'><strong>ex</strong></span> <span class='ocrx_word' id='word_1_361' title='bbox 1328 4415 1439 4462; x_wconf 89' lang='lat' dir='ltr'><strong>toto</strong></span> <span class='ocrx_word' id='word_1_362' title='bbox 1479 4408 1702 4464; x_wconf 91' lang='lat' dir='ltr'><strong>occidit.</strong></span> <span class='ocrx_word' id='word_1_363' title='bbox 1735 4411 1802 4464; x_wconf 88' lang='lat' dir='ltr'><strong>Et</strong></span> <span class='ocrx_word' id='word_1_364' title='bbox 1830 4410 2074 4467; x_wconf 89' lang='lat' dir='ltr'><strong>Christus</strong></span> 
     </span>
    </p>
   </div>
   <div class='ocr_carea' id='block_1_47' title="bbox 481 4493 2073 4567">
    <p class='ocr_par' dir='ltr' id='par_1_47' title="bbox 481 4493 2073 4567">
     <span class='ocr_line' id='line_1_47' title="bbox 481 4493 2073 4567; baseline 0.002 -16"><span class='ocrx_word' id='word_1_365' title='bbox 481 4506 535 4551; x_wconf 81' lang='lat' dir='ltr'><strong>et</strong></span> <span class='ocrx_word' id='word_1_366' title='bbox 581 4495 670 4552; x_wconf 83' lang='lat' dir='ltr'><strong>die</strong></span> <span class='ocrx_word' id='word_1_367' title='bbox 724 4502 914 4566; x_wconf 90' lang='lat' dir='ltr'><strong>quarta</strong></span> <span class='ocrx_word' id='word_1_368' title='bbox 969 4493 1182 4550; x_wconf 89' lang='lat' dir='ltr'><strong>decima</strong></span> <span class='ocrx_word' id='word_1_369' title='bbox 1239 4502 1294 4550; x_wconf 92' lang='lat' dir='ltr'><strong>et</strong></span> <span class='ocrx_word' id='word_1_370' title='bbox 1348 4494 1489 4550; x_wconf 89' lang='lat' dir='ltr'><strong>inter</strong></span> <span class='ocrx_word' id='word_1_371' title='bbox 1534 4496 1642 4552; x_wconf 93' lang='lat' dir='ltr'><strong>duo</strong></span> <span class='ocrx_word' id='word_1_372' title='bbox 1693 4497 1801 4553; x_wconf 89' lang='lat' dir='ltr'><strong>diei</strong></span> <span class='ocrx_word' id='word_1_373' title='bbox 1831 4499 2073 4567; x_wconf 85' lang='lat' dir='ltr'><strong>ejusdem</strong></span> 
     </span>
    </p>
   </div>
   <div class='ocr_carea' id='block_1_48' title="bbox 2157 628 3763 710">
    <p class='ocr_par' dir='ltr' id='par_1_48' title="bbox 2157 628 3763 710">
     <span class='ocr_line' id='line_1_48' title="bbox 2157 628 3763 710; baseline 0.006 -29"><span class='ocrx_word' id='word_1_374' title='bbox 2157 628 2253 682; x_wconf 89' lang='lat' dir='ltr'><strong>Dei</strong></span> <span class='ocrx_word' id='word_1_375' title='bbox 2278 632 2598 698; x_wconf 87' lang='lat' dir='ltr'><strong>comeditur,</strong></span> <span class='ocrx_word' id='word_1_376' title='bbox 2632 633 2780 688; x_wconf 92' lang='lat' dir='ltr'><strong>illum</strong></span> <span class='ocrx_word' id='word_1_377' title='bbox 2829 635 3083 692; x_wconf 86' lang='lat' dir='ltr'><strong>videlicet</strong></span> <span class='ocrx_word' id='word_1_378' title='bbox 3131 637 3224 710; x_wconf 90' lang='lat' dir='ltr'><strong>qui</strong></span> <span class='ocrx_word' id='word_1_379' title='bbox 3270 637 3513 708; x_wconf 84' lang='lat' dir='ltr'><strong>ejusdem</strong></span> <span class='ocrx_word' id='word_1_380' title='bbox 3543 652 3763 707; x_wconf 91' lang='lat' dir='ltr'><strong>corpus</strong></span> 
     </span>
    </p>
   </div>
   <div class='ocr_carea' id='block_1_49' title="bbox 2155 719 3762 798">
    <p class='ocr_par' dir='ltr' id='par_1_49' title="bbox 2155 719 3762 798">
     <span class='ocr_line' id='line_1_49' title="bbox 2155 719 3762 798; baseline 0.005 -27"><span class='ocrx_word' id='word_1_381' title='bbox 2155 719 2391 772; x_wconf 88' lang='lat' dir='ltr'><strong>comedit</strong></span> <span class='ocrx_word' id='word_1_382' title='bbox 2448 721 2676 776; x_wconf 89' lang='lat' dir='ltr'><strong>Christi.</strong></span> <span class='ocrx_word' id='word_1_383' title='bbox 2748 724 3015 780; x_wconf 63' lang='lat' dir='ltr'><strong>Praeterea</strong></span> <span class='ocrx_word' id='word_1_384' title='bbox 3071 727 3529 797; x_wconf 89' lang='lat' dir='ltr'><strong>quemadmodum</strong></span> <span class='ocrx_word' id='word_1_385' title='bbox 3569 740 3762 798; x_wconf 88' lang='lat' dir='ltr'><strong>agnus</strong></span> 
     </span>
    </p>
   </div>
   <div class='ocr_carea' id='block_1_50' title="bbox 2157 807 3764 882">
    <p class='ocr_par' dir='ltr' id='par_1_50' title="bbox 2157 807 3764 882">
     <span class='ocr_line' id='line_1_50' title="bbox 2157 807 3764 882; baseline 0.006 -23"><span class='ocrx_word' id='word_1_386' title='bbox 2157 814 2316 862; x_wconf 91' lang='lat' dir='ltr'><strong>nocte</strong></span> <span class='ocrx_word' id='word_1_387' title='bbox 2341 807 2534 878; x_wconf 83' lang='lat' dir='ltr'><strong>jussus</strong></span> <span class='ocrx_word' id='word_1_388' title='bbox 2550 819 2633 866; x_wconf 89' lang='lat' dir='ltr'><strong>est</strong></span> <span class='ocrx_word' id='word_1_389' title='bbox 2652 811 2988 882; x_wconf 89' lang='lat' dir='ltr'><strong>manducari,</strong></span> <span class='ocrx_word' id='word_1_390' title='bbox 3013 815 3090 870; x_wconf 89' lang='lat' dir='ltr'><strong>sic</strong></span> <span class='ocrx_word' id='word_1_391' title='bbox 3111 820 3195 870; x_wconf 88' lang='lat' dir='ltr'><strong>est</strong></span> <span class='ocrx_word' id='word_1_392' title='bbox 3212 815 3449 870; x_wconf 85' lang='lat' dir='ltr'><strong>Christus</strong></span> <span class='ocrx_word' id='word_1_393' title='bbox 3482 821 3764 870; x_wconf 88' lang='lat' dir='ltr'><strong>nocturno</strong></span> 
     </span>
    </p>
   </div>
   <div class='ocr_carea' id='block_1_51' title="bbox 2157 907 3766 982">
    <p class='ocr_par' dir='ltr' id='par_1_51' title="bbox 2157 907 3766 982">
     <span class='ocr_line' id='line_1_51' title="bbox 2157 907 3766 982; baseline 0.003 -24"><span class='ocrx_word' id='word_1_394' title='bbox 2157 911 2410 974; x_wconf 91' lang='lat' dir='ltr'><strong>tempore</strong></span> <span class='ocrx_word' id='word_1_395' title='bbox 2439 916 2628 978; x_wconf 87' lang='lat' dir='ltr'><strong>captus</strong></span> <span class='ocrx_word' id='word_1_396' title='bbox 2659 907 2772 969; x_wconf 85' lang='lat' dir='ltr'><strong>fuit,</strong></span> <span class='ocrx_word' id='word_1_397' title='bbox 2808 927 2876 964; x_wconf 89' lang='lat' dir='ltr'><strong>ne</strong></span> <span class='ocrx_word' id='word_1_398' title='bbox 2897 925 2930 966; x_wconf 91' lang='lat' dir='ltr'><strong>a</strong></span> <span class='ocrx_word' id='word_1_399' title='bbox 2959 910 3159 982; x_wconf 87' lang='lat' dir='ltr'><strong>populo</strong></span> <span class='ocrx_word' id='word_1_400' title='bbox 3195 911 3411 966; x_wconf 92' lang='lat' dir='ltr'><strong>liberari</strong></span> <span class='ocrx_word' id='word_1_401' title='bbox 3441 918 3626 982; x_wconf 89' lang='lat' dir='ltr'><strong>posset</strong></span> <span class='ocrx_word' id='word_1_402' title='bbox 3658 911 3766 964; x_wconf 87' lang='lat' dir='ltr'><strong>aut</strong></span> 
     </span>
    </p>
   </div>
   <div class='ocr_carea' id='block_1_52' title="bbox 2156 993 3768 1070">
    <p class='ocr_par' dir='ltr' id='par_1_52' title="bbox 2156 993 3768 1070">
     <span class='ocr_line' id='line_1_52' title="bbox 2156 993 3768 1070; baseline 0.003 -23"><span class='ocrx_word' id='word_1_403' title='bbox 2156 993 2402 1049; x_wconf 89' lang='lat' dir='ltr'><strong>defendi.</strong></span> <span class='ocrx_word' id='word_1_404' title='bbox 2442 995 2912 1063; x_wconf 86' lang='lat' dir='ltr'><strong>Quemadmodum</strong></span> <span class='ocrx_word' id='word_1_405' title='bbox 2936 1001 3095 1055; x_wconf 87' lang='lat' dir='ltr'><strong>etiam</strong></span> <span class='ocrx_word' id='word_1_406' title='bbox 3121 1017 3220 1056; x_wconf 91' lang='lat' dir='ltr'><strong>nec</strong></span> <span class='ocrx_word' id='word_1_407' title='bbox 3249 1000 3450 1056; x_wconf 88' lang='lat' dir='ltr'><strong>crudus</strong></span> <span class='ocrx_word' id='word_1_408' title='bbox 3479 1015 3578 1055; x_wconf 92' lang='lat' dir='ltr'><strong>nec</strong></span> <span class='ocrx_word' id='word_1_409' title='bbox 3607 1012 3768 1070; x_wconf 82' lang='lat' dir='ltr'><strong>aqua</strong></span> 
     </span>
    </p>
   </div>
   <div class='ocr_carea' id='block_1_53' title="bbox 2158 1086 3764 1158">
    <p class='ocr_par' dir='ltr' id='par_1_53' title="bbox 2158 1086 3764 1158">
     <span class='ocr_line' id='line_1_53' title="bbox 2158 1086 3764 1158; baseline 0.002 -20"><span class='ocrx_word' id='word_1_410' title='bbox 2158 1092 2362 1150; x_wconf 86' lang='lat' dir='ltr'><strong>coctus,</strong></span> <span class='ocrx_word' id='word_1_411' title='bbox 2397 1086 2495 1140; x_wconf 86' lang='lat' dir='ltr'><strong>sed</strong></span> <span class='ocrx_word' id='word_1_412' title='bbox 2519 1102 2677 1140; x_wconf 84' lang='lat' dir='ltr'><strong>assus</strong></span> <span class='ocrx_word' id='word_1_413' title='bbox 2707 1087 2840 1158; x_wconf 92' lang='lat' dir='ltr'><strong>igni,</strong></span> <span class='ocrx_word' id='word_1_414' title='bbox 2873 1088 2944 1142; x_wconf 90' lang='lat' dir='ltr'><strong>ita</strong></span> <span class='ocrx_word' id='word_1_415' title='bbox 3001 1098 3053 1144; x_wconf 87' lang='lat' dir='ltr'><strong>et</strong></span> <span class='ocrx_word' id='word_1_416' title='bbox 3101 1089 3347 1144; x_wconf 88' lang='lat' dir='ltr'><strong>Christus</strong></span> <span class='ocrx_word' id='word_1_417' title='bbox 3374 1103 3477 1144; x_wconf 90' lang='lat' dir='ltr'><strong>nec</strong></span> <span class='ocrx_word' id='word_1_418' title='bbox 3515 1089 3632 1142; x_wconf 87' lang='lat' dir='ltr'><strong>sine</strong></span> <span class='ocrx_word' id='word_1_419' title='bbox 3658 1088 3764 1156; x_wconf 87' lang='lat' dir='ltr'><strong>ju-</strong></span> 
     </span>
    </p>
   </div>
   <div class='ocr_carea' id='block_1_54' title="bbox 2158 1181 3766 1256">
    <p class='ocr_par' dir='ltr' id='par_1_54' title="bbox 2158 1181 3766 1256">
     <span class='ocr_line' id='line_1_54' title="bbox 2158 1181 3766 1256; baseline 0.002 -20"><span class='ocrx_word' id='word_1_420' title='bbox 2158 1181 2323 1248; x_wconf 91' lang='lat' dir='ltr'><strong>dicio,</strong></span> <span class='ocrx_word' id='word_1_421' title='bbox 2357 1197 2459 1238; x_wconf 92' lang='lat' dir='ltr'><strong>nec</strong></span> <span class='ocrx_word' id='word_1_422' title='bbox 2488 1190 2667 1238; x_wconf 91' lang='lat' dir='ltr'><strong>tamen</strong></span> <span class='ocrx_word' id='word_1_423' title='bbox 2691 1183 2840 1253; x_wconf 91' lang='lat' dir='ltr'><strong>justo</strong></span> <span class='ocrx_word' id='word_1_424' title='bbox 2873 1187 3100 1256; x_wconf 90' lang='lat' dir='ltr'><strong>judicio,</strong></span> <span class='ocrx_word' id='word_1_425' title='bbox 3132 1187 3230 1242; x_wconf 91' lang='lat' dir='ltr'><strong>sed</strong></span> <span class='ocrx_word' id='word_1_426' title='bbox 3261 1187 3457 1256; x_wconf 75' lang='lat' dir='ltr'><strong>injuste</strong></span> <span class='ocrx_word' id='word_1_427' title='bbox 3487 1185 3766 1242; x_wconf 86' lang='lat' dir='ltr'><strong>condem-</strong></span> 
     </span>
    </p>
   </div>
   <div class='ocr_carea' id='block_1_55' title="bbox 2161 1270 3768 1342">
    <p class='ocr_par' dir='ltr' id='par_1_55' title="bbox 2161 1270 3768 1342">
     <span class='ocr_line' id='line_1_55' title="bbox 2161 1270 3768 1342; baseline 0.001 -18"><span class='ocrx_word' id='word_1_428' title='bbox 2161 1277 2318 1325; x_wconf 87' lang='lat' dir='ltr'><strong>natus</strong></span> <span class='ocrx_word' id='word_1_429' title='bbox 2339 1270 2456 1337; x_wconf 88' lang='lat' dir='ltr'><strong>fuit,</strong></span> <span class='ocrx_word' id='word_1_430' title='bbox 2491 1273 2632 1327; x_wconf 89' lang='lat' dir='ltr'><strong>sicut</strong></span> <span class='ocrx_word' id='word_1_431' title='bbox 2658 1289 2768 1328; x_wconf 91' lang='lat' dir='ltr'><strong>non</strong></span> <span class='ocrx_word' id='word_1_432' title='bbox 2811 1275 3030 1330; x_wconf 91' lang='lat' dir='ltr'><strong>omnino</strong></span> <span class='ocrx_word' id='word_1_433' title='bbox 3076 1275 3268 1342; x_wconf 90' lang='lat' dir='ltr'><strong>cruda,</strong></span> <span class='ocrx_word' id='word_1_434' title='bbox 3301 1290 3403 1332; x_wconf 91' lang='lat' dir='ltr'><strong>nec</strong></span> <span class='ocrx_word' id='word_1_435' title='bbox 3435 1276 3570 1330; x_wconf 88' lang='lat' dir='ltr'><strong>bene</strong></span> <span class='ocrx_word' id='word_1_436' title='bbox 3599 1281 3768 1330; x_wconf 87' lang='lat' dir='ltr'><strong>cocta</strong></span> 
     </span>
    </p>
   </div>
   <div class='ocr_carea' id='block_1_56' title="bbox 2163 1361 3765 1434">
    <p class='ocr_par' dir='ltr' id='par_1_56' title="bbox 2163 1361 3765 1434">
     <span class='ocr_line' id='line_1_56' title="bbox 2163 1361 3765 1434; baseline 0.001 -20"><span class='ocrx_word' id='word_1_437' title='bbox 2163 1367 2244 1414; x_wconf 90' lang='lat' dir='ltr'><strong>est</strong></span> <span class='ocrx_word' id='word_1_438' title='bbox 2272 1375 2402 1415; x_wconf 91' lang='lat' dir='ltr'><strong>caro</strong></span> <span class='ocrx_word' id='word_1_439' title='bbox 2433 1376 2560 1415; x_wconf 89' lang='lat' dir='ltr'><strong>assa</strong></span> <span class='ocrx_word' id='word_1_440' title='bbox 2577 1361 2718 1434; x_wconf 86' lang='lat' dir='ltr'><strong>igni.</strong></span> <span class='ocrx_word' id='word_1_441' title='bbox 2760 1363 2868 1418; x_wconf 89' lang='lat' dir='ltr'><strong>Sed</strong></span> <span class='ocrx_word' id='word_1_442' title='bbox 2897 1373 2950 1419; x_wconf 86' lang='lat' dir='ltr'><strong>et</strong></span> <span class='ocrx_word' id='word_1_443' title='bbox 2977 1364 3048 1418; x_wconf 95' lang='lat' dir='ltr'><strong>ob</strong></span> <span class='ocrx_word' id='word_1_444' title='bbox 3077 1365 3326 1419; x_wconf 91' lang='lat' dir='ltr'><strong>eamdem</strong></span> <span class='ocrx_word' id='word_1_445' title='bbox 3355 1378 3572 1419; x_wconf 86' lang='lat' dir='ltr'><strong>causam</strong></span> <span class='ocrx_word' id='word_1_446' title='bbox 3602 1361 3765 1418; x_wconf 87' lang='lat' dir='ltr'><strong>festi-</strong></span> 
     </span>
    </p>
   </div>
   <div class='ocr_carea' id='block_1_57' title="bbox 2164 1450 3762 1523">
    <p class='ocr_par' dir='ltr' id='par_1_57' title="bbox 2164 1450 3762 1523">
     <span class='ocr_line' id='line_1_57' title="bbox 2164 1450 3762 1523; baseline 0.001 -21"><span class='ocrx_word' id='word_1_447' title='bbox 2164 1457 2356 1504; x_wconf 91' lang='lat' dir='ltr'><strong>nanter</strong></span> <span class='ocrx_word' id='word_1_448' title='bbox 2385 1459 2436 1502; x_wconf 92' lang='lat' dir='ltr'><strong>et</strong></span> <span class='ocrx_word' id='word_1_449' title='bbox 2463 1466 2587 1504; x_wconf 89' lang='lat' dir='ltr'><strong>cum</strong></span> <span class='ocrx_word' id='word_1_450' title='bbox 2611 1467 2751 1520; x_wconf 89' lang='lat' dir='ltr'><strong>pane</strong></span> <span class='ocrx_word' id='word_1_451' title='bbox 2777 1468 2967 1523; x_wconf 84' lang='lat' dir='ltr'><strong>azymo</strong></span> <span class='ocrx_word' id='word_1_452' title='bbox 2985 1459 3294 1523; x_wconf 71' lang='lat' dir='ltr'><strong>przeceptus</strong></span> <span class='ocrx_word' id='word_1_453' title='bbox 3315 1461 3396 1507; x_wconf 89' lang='lat' dir='ltr'><strong>est</strong></span> <span class='ocrx_word' id='word_1_454' title='bbox 3420 1450 3762 1506; x_wconf 76' lang='lat' dir='ltr'><strong>manducavi.</strong></span> 
     </span>
    </p>
   </div>
   <div class='ocr_carea' id='block_1_58' title="bbox 2165 1537 3766 1612">
    <p class='ocr_par' dir='ltr' id='par_1_58' title="bbox 2165 1537 3766 1612">
     <span class='ocr_line' id='line_1_58' title="bbox 2165 1537 3766 1612; baseline 0.001 -20"><span class='ocrx_word' id='word_1_455' title='bbox 2165 1537 2315 1592; x_wconf 91' lang='lat' dir='ltr'><strong>Sicut</strong></span> <span class='ocrx_word' id='word_1_456' title='bbox 2344 1537 2491 1592; x_wconf 91' lang='lat' dir='ltr'><strong>enim</strong></span> <span class='ocrx_word' id='word_1_457' title='bbox 2521 1540 2676 1609; x_wconf 88' lang='lat' dir='ltr'><strong>panis</strong></span> <span class='ocrx_word' id='word_1_458' title='bbox 2704 1556 2938 1611; x_wconf 80' lang='lat' dir='ltr'><strong>azymus</strong></span> <span class='ocrx_word' id='word_1_459' title='bbox 2960 1557 3302 1612; x_wconf 84' lang='lat' dir='ltr'><strong>nequaquam</strong></span> <span class='ocrx_word' id='word_1_460' title='bbox 3329 1542 3504 1596; x_wconf 92' lang='lat' dir='ltr'><strong>donec</strong></span> <span class='ocrx_word' id='word_1_461' title='bbox 3523 1539 3766 1595; x_wconf 88' lang='lat' dir='ltr'><strong>fermen-</strong></span> 
     </span>
    </p>
   </div>
   <div class='ocr_carea' id='block_1_59' title="bbox 2169 1627 3764 1698">
    <p class='ocr_par' dir='ltr' id='par_1_59' title="bbox 2169 1627 3764 1698">
     <span class='ocr_line' id='line_1_59' title="bbox 2169 1627 3764 1698; baseline -0.001 -18"><span class='ocrx_word' id='word_1_462' title='bbox 2169 1634 2308 1682; x_wconf 91' lang='lat' dir='ltr'><strong>tetur</strong></span> <span class='ocrx_word' id='word_1_463' title='bbox 2351 1637 2508 1696; x_wconf 90' lang='lat' dir='ltr'><strong>pasta</strong></span> <span class='ocrx_word' id='word_1_464' title='bbox 2561 1637 2911 1698; x_wconf 84' lang='lat' dir='ltr'><strong>exspectatur</strong></span> <span class='ocrx_word' id='word_1_465' title='bbox 2965 1629 3102 1696; x_wconf 78' lang='lat' dir='ltr'><strong>fieri,</strong></span> <span class='ocrx_word' id='word_1_466' title='bbox 3161 1631 3272 1686; x_wconf 91' lang='lat' dir='ltr'><strong>imo</strong></span> <span class='ocrx_word' id='word_1_467' title='bbox 3323 1629 3637 1686; x_wconf 82' lang='lat' dir='ltr'><strong>festinanter</strong></span> <span class='ocrx_word' id='word_1_468' title='bbox 3668 1627 3764 1690; x_wconf 91' lang='lat' dir='ltr'><strong>sit,</strong></span> 
     </span>
    </p>
   </div>
   <div class='ocr_carea' id='block_1_60' title="bbox 2169 1714 3768 1788">
    <p class='ocr_par' dir='ltr' id='par_1_60' title="bbox 2169 1714 3768 1788">
     <span class='ocr_line' id='line_1_60' title="bbox 2169 1714 3768 1788; baseline 0.001 -19"><span class='ocrx_word' id='word_1_469' title='bbox 2169 1714 2241 1769; x_wconf 91' lang='lat' dir='ltr'><strong>ita</strong></span> <span class='ocrx_word' id='word_1_470' title='bbox 2270 1723 2322 1770; x_wconf 94' lang='lat' dir='ltr'><strong>et</strong></span> <span class='ocrx_word' id='word_1_471' title='bbox 2354 1715 2405 1769; x_wconf 92' lang='lat' dir='ltr'><strong>in</strong></span> <span class='ocrx_word' id='word_1_472' title='bbox 2437 1715 2654 1771; x_wconf 89' lang='lat' dir='ltr'><strong>Christo</strong></span> <span class='ocrx_word' id='word_1_473' title='bbox 2704 1718 2904 1772; x_wconf 90' lang='lat' dir='ltr'><strong>nullam</strong></span> <span class='ocrx_word' id='word_1_474' title='bbox 2952 1717 3333 1774; x_wconf 90' lang='lat' dir='ltr'><strong>rectitudinem</strong></span> <span class='ocrx_word' id='word_1_475' title='bbox 3365 1724 3768 1788; x_wconf 81' lang='lat' dir='ltr'><strong>exspectarunt</strong></span> 
     </span>
    </p>
   </div>
   <div class='ocr_carea' id='block_1_61' title="bbox 2164 1803 3766 1873">
    <p class='ocr_par' dir='ltr' id='par_1_61' title="bbox 2164 1803 3766 1873">
     <span class='ocr_line' id='line_1_61' title="bbox 2164 1803 3766 1873; baseline 0.002 -17"><span class='ocrx_word' id='word_1_476' title='bbox 2164 1803 2374 1873; x_wconf 88' lang='lat' dir='ltr'><strong>judicii,</strong></span> <span class='ocrx_word' id='word_1_477' title='bbox 2409 1803 2518 1860; x_wconf 92' lang='lat' dir='ltr'><strong>imo</strong></span> <span class='ocrx_word' id='word_1_478' title='bbox 2549 1804 2864 1862; x_wconf 81' lang='lat' dir='ltr'><strong>festinanter</strong></span> <span class='ocrx_word' id='word_1_479' title='bbox 2891 1807 3285 1862; x_wconf 89' lang='lat' dir='ltr'><strong>condemnatus</strong></span> <span class='ocrx_word' id='word_1_480' title='bbox 3319 1807 3436 1861; x_wconf 91' lang='lat' dir='ltr'><strong>fuit.</strong></span> <span class='ocrx_word' id='word_1_481' title='bbox 3479 1807 3575 1861; x_wconf 86' lang='lat' dir='ltr'><strong>Per</strong></span> <span class='ocrx_word' id='word_1_482' title='bbox 3599 1818 3766 1860; x_wconf 89' lang='lat' dir='ltr'><strong>ama-</strong></span> 
     </span>
    </p>
   </div>
   <div class='ocr_carea' id='block_1_62' title="bbox 2178 1893 3770 1968">
    <p class='ocr_par' dir='ltr' id='par_1_62' title="bbox 2178 1893 3770 1968">
     <span class='ocr_line' id='line_1_62' title="bbox 2178 1893 3770 1968; baseline -0.001 -21"><span class='ocrx_word' id='word_1_483' title='bbox 2178 1908 2268 1947; x_wconf 89' lang='lat' dir='ltr'><strong>ras</strong></span> <span class='ocrx_word' id='word_1_484' title='bbox 2293 1909 2420 1949; x_wconf 88' lang='lat' dir='ltr'><strong>vero</strong></span> <span class='ocrx_word' id='word_1_485' title='bbox 2453 1893 2652 1948; x_wconf 87' lang='lat' dir='ltr'><strong>herbas</strong></span> <span class='ocrx_word' id='word_1_486' title='bbox 2706 1910 2828 1951; x_wconf 90' lang='lat' dir='ltr'><strong>cum</strong></span> <span class='ocrx_word' id='word_1_487' title='bbox 2884 1895 3082 1968; x_wconf 88' lang='lat' dir='ltr'><strong>quibus</strong></span> <span class='ocrx_word' id='word_1_488' title='bbox 3131 1903 3438 1967; x_wconf 60' lang='lat' dir='ltr'><strong>praeceptus</strong></span> <span class='ocrx_word' id='word_1_489' title='bbox 3477 1903 3554 1950; x_wconf 87' lang='lat' dir='ltr'><strong>est</strong></span> <span class='ocrx_word' id='word_1_490' title='bbox 3586 1909 3770 1965; x_wconf 87' lang='lat' dir='ltr'><strong>agnus</strong></span> 
     </span>
    </p>
   </div>
   <div class='ocr_carea' id='block_1_63' title="bbox 2177 1991 3771 2065">
    <p class='ocr_par' dir='ltr' id='par_1_63' title="bbox 2177 1991 3771 2065">
     <span class='ocr_line' id='line_1_63' title="bbox 2177 1991 3771 2065; baseline 0 -21"><span class='ocrx_word' id='word_1_491' title='bbox 2177 1991 2267 2046; x_wconf 90' lang='lat' dir='ltr'><strong>ille</strong></span> <span class='ocrx_word' id='word_1_492' title='bbox 2313 1992 2544 2056; x_wconf 86' lang='lat' dir='ltr'><strong>comedi,</strong></span> <span class='ocrx_word' id='word_1_493' title='bbox 2599 1992 2932 2065; x_wconf 85' lang='lat' dir='ltr'><strong>designatur</strong></span> <span class='ocrx_word' id='word_1_494' title='bbox 2981 1994 3122 2064; x_wconf 74' lang='lat' dir='ltr'><strong>quo&#39;l</strong></span> <span class='ocrx_word' id='word_1_495' title='bbox 3172 2009 3243 2048; x_wconf 88' lang='lat' dir='ltr'><strong>ex</strong></span> <span class='ocrx_word' id='word_1_496' title='bbox 3289 1993 3384 2048; x_wconf 92' lang='lat' dir='ltr'><strong>illa</strong></span> <span class='ocrx_word' id='word_1_497' title='bbox 3417 1991 3771 2047; x_wconf 88' lang='lat' dir='ltr'><strong>damnatione</strong></span> 
     </span>
    </p>
   </div>
   <div class='ocr_carea' id='block_1_64' title="bbox 2177 2079 3772 2150">
    <p class='ocr_par' dir='ltr' id='par_1_64' title="bbox 2177 2079 3772 2150">
     <span class='ocr_line' id='line_1_64' title="bbox 2177 2079 3772 2150; baseline -0.001 -18"><span class='ocrx_word' id='word_1_498' title='bbox 2177 2079 2398 2148; x_wconf 78' lang='lat' dir='ltr'><strong>injuste,</strong></span> <span class='ocrx_word' id='word_1_499' title='bbox 2449 2080 2730 2136; x_wconf 86' lang='lat' dir='ltr'><strong>calamitas</strong></span> <span class='ocrx_word' id='word_1_500' title='bbox 2761 2089 2813 2136; x_wconf 90' lang='lat' dir='ltr'><strong>et</strong></span> <span class='ocrx_word' id='word_1_501' title='bbox 2844 2081 3142 2136; x_wconf 88' lang='lat' dir='ltr'><strong>amaritudo</strong></span> <span class='ocrx_word' id='word_1_502' title='bbox 3187 2083 3362 2136; x_wconf 87' lang='lat' dir='ltr'><strong>venit.</strong></span> <span class='ocrx_word' id='word_1_503' title='bbox 3400 2079 3557 2150; x_wconf 89' lang='lat' dir='ltr'><strong>Quod</strong></span> <span class='ocrx_word' id='word_1_504' title='bbox 3587 2087 3772 2134; x_wconf 89' lang='lat' dir='ltr'><strong>autem</strong></span> 
     </span>
    </p>
   </div>
   <div class='ocr_carea' id='block_1_65' title="bbox 2179 2167 3773 2242">
    <p class='ocr_par' dir='ltr' id='par_1_65' title="bbox 2179 2167 3773 2242">
     <span class='ocr_line' id='line_1_65' title="bbox 2179 2167 3773 2242; baseline -0.002 -18"><span class='ocrx_word' id='word_1_505' title='bbox 2179 2177 2232 2224; x_wconf 87' lang='lat' dir='ltr'><strong>ct</strong></span> <span class='ocrx_word' id='word_1_506' title='bbox 2263 2177 2402 2224; x_wconf 90' lang='lat' dir='ltr'><strong>totus</strong></span> <span class='ocrx_word' id='word_1_507' title='bbox 2433 2185 2554 2224; x_wconf 88' lang='lat' dir='ltr'><strong>cum</strong></span> <span class='ocrx_word' id='word_1_508' title='bbox 2585 2170 2759 2242; x_wconf 88' lang='lat' dir='ltr'><strong>capite</strong></span> <span class='ocrx_word' id='word_1_509' title='bbox 2805 2178 2857 2226; x_wconf 90' lang='lat' dir='ltr'><strong>et</strong></span> <span class='ocrx_word' id='word_1_510' title='bbox 2889 2171 3121 2242; x_wconf 91' lang='lat' dir='ltr'><strong>pedibus</strong></span> <span class='ocrx_word' id='word_1_511' title='bbox 3153 2179 3204 2225; x_wconf 93' lang='lat' dir='ltr'><strong>et</strong></span> <span class='ocrx_word' id='word_1_512' title='bbox 3234 2169 3504 2224; x_wconf 87' lang='lat' dir='ltr'><strong>intestinis</strong></span> <span class='ocrx_word' id='word_1_513' title='bbox 3539 2167 3773 2222; x_wconf 88' lang='lat' dir='ltr'><strong>manda-</strong></span> 
     </span>
    </p>
   </div>
   <div class='ocr_carea' id='block_1_66' title="bbox 2182 2257 3774 2331">
    <p class='ocr_par' dir='ltr' id='par_1_66' title="bbox 2182 2257 3774 2331">
     <span class='ocr_line' id='line_1_66' title="bbox 2182 2257 3774 2331; baseline -0.002 -19"><span class='ocrx_word' id='word_1_514' title='bbox 2182 2265 2271 2312; x_wconf 91' lang='lat' dir='ltr'><strong>tus</strong></span> <span class='ocrx_word' id='word_1_515' title='bbox 2305 2266 2388 2311; x_wconf 89' lang='lat' dir='ltr'><strong>est</strong></span> <span class='ocrx_word' id='word_1_516' title='bbox 2417 2259 2596 2330; x_wconf 90' lang='lat' dir='ltr'><strong>coqui,</strong></span> <span class='ocrx_word' id='word_1_517' title='bbox 2654 2267 2708 2314; x_wconf 90' lang='lat' dir='ltr'><strong>et</strong></span> <span class='ocrx_word' id='word_1_518' title='bbox 2759 2268 2880 2331; x_wconf 81' lang='lat' dir='ltr'><strong>post</strong></span> <span class='ocrx_word' id='word_1_519' title='bbox 2937 2259 3327 2315; x_wconf 88' lang='lat' dir='ltr'><strong>comestionem</strong></span> <span class='ocrx_word' id='word_1_520' title='bbox 3364 2275 3430 2312; x_wconf 89' lang='lat' dir='ltr'><strong>os</strong></span> <span class='ocrx_word' id='word_1_521' title='bbox 3476 2257 3621 2312; x_wconf 90' lang='lat' dir='ltr'><strong>illius</strong></span> <span class='ocrx_word' id='word_1_522' title='bbox 3660 2271 3774 2310; x_wconf 89' lang='lat' dir='ltr'><strong>non</strong></span> 
     </span>
    </p>
   </div>
   <div class='ocr_carea' id='block_1_67' title="bbox 2181 2345 3774 2419">
    <p class='ocr_par' dir='ltr' id='par_1_67' title="bbox 2181 2345 3774 2419">
     <span class='ocr_line' id='line_1_67' title="bbox 2181 2345 3774 2419; baseline -0.004 -16"><span class='ocrx_word' id='word_1_523' title='bbox 2181 2345 2472 2418; x_wconf 80' lang='lat' dir='ltr'><strong>confringi,</strong></span> <span class='ocrx_word' id='word_1_524' title='bbox 2506 2347 2741 2402; x_wconf 88' lang='lat' dir='ltr'><strong>insinuat</strong></span> <span class='ocrx_word' id='word_1_525' title='bbox 2770 2349 2915 2419; x_wconf 91' lang='lat' dir='ltr'><strong>quod</strong></span> <span class='ocrx_word' id='word_1_526' title='bbox 2947 2363 3049 2404; x_wconf 92' lang='lat' dir='ltr'><strong>nec</strong></span> <span class='ocrx_word' id='word_1_527' title='bbox 3077 2347 3130 2402; x_wconf 90' lang='lat' dir='ltr'><strong>in</strong></span> <span class='ocrx_word' id='word_1_528' title='bbox 3160 2347 3434 2404; x_wconf 90' lang='lat' dir='ltr'><strong>occisione</strong></span> <span class='ocrx_word' id='word_1_529' title='bbox 3464 2345 3774 2401; x_wconf 88' lang='lat' dir='ltr'><strong>membrum</strong></span> 
     </span>
    </p>
   </div>
   <div class='ocr_carea' id='block_1_68' title="bbox 2182 2434 3773 2510">
    <p class='ocr_par' dir='ltr' id='par_1_68' title="bbox 2182 2434 3773 2510">
     <span class='ocr_line' id='line_1_68' title="bbox 2182 2434 3773 2510; baseline -0.006 -16"><span class='ocrx_word' id='word_1_530' title='bbox 2182 2437 2385 2494; x_wconf 86' lang='lat' dir='ltr'><strong>Christi</strong></span> <span class='ocrx_word' id='word_1_531' title='bbox 2437 2438 2655 2510; x_wconf 86' lang='lat' dir='ltr'><strong>aliquod</strong></span> <span class='ocrx_word' id='word_1_532' title='bbox 2708 2453 2910 2492; x_wconf 74' lang='lat' dir='ltr'><strong>czesum</strong></span> <span class='ocrx_word' id='word_1_533' title='bbox 2971 2444 3081 2503; x_wconf 92' lang='lat' dir='ltr'><strong>est,</strong></span> <span class='ocrx_word' id='word_1_534' title='bbox 3135 2434 3245 2491; x_wconf 91' lang='lat' dir='ltr'><strong>imo</strong></span> <span class='ocrx_word' id='word_1_535' title='bbox 3297 2450 3600 2506; x_wconf 86' lang='lat' dir='ltr'><strong>suspensus</strong></span> <span class='ocrx_word' id='word_1_536' title='bbox 3645 2447 3773 2487; x_wconf 92' lang='lat' dir='ltr'><strong>cum</strong></span> 
     </span>
    </p>
   </div>
   <div class='ocr_carea' id='block_1_69' title="bbox 2182 2529 3775 2605">
    <p class='ocr_par' dir='ltr' id='par_1_69' title="bbox 2182 2529 3775 2605">
     <span class='ocr_line' id='line_1_69' title="bbox 2182 2529 3775 2605; baseline -0.008 -8"><span class='ocrx_word' id='word_1_537' title='bbox 2182 2541 2434 2596; x_wconf 91' lang='lat' dir='ltr'><strong>omnibus</strong></span> <span class='ocrx_word' id='word_1_538' title='bbox 2463 2535 2726 2592; x_wconf 84' lang='lat' dir='ltr'><strong>membris</strong></span> <span class='ocrx_word' id='word_1_539' title='bbox 2758 2533 2874 2602; x_wconf 89' lang='lat' dir='ltr'><strong>fuit,</strong></span> <span class='ocrx_word' id='word_1_540' title='bbox 2908 2550 3011 2590; x_wconf 92' lang='lat' dir='ltr'><strong>nec</strong></span> <span class='ocrx_word' id='word_1_541' title='bbox 3049 2541 3175 2605; x_wconf 91' lang='lat' dir='ltr'><strong>post</strong></span> <span class='ocrx_word' id='word_1_542' title='bbox 3202 2533 3533 2590; x_wconf 89' lang='lat' dir='ltr'><strong>occisionem</strong></span> <span class='ocrx_word' id='word_1_543' title='bbox 3563 2546 3626 2587; x_wconf 90' lang='lat' dir='ltr'><strong>os</strong></span> <span class='ocrx_word' id='word_1_544' title='bbox 3663 2529 3775 2586; x_wconf 90' lang='lat' dir='ltr'><strong>ali-</strong></span> 
     </span>
    </p>
   </div>
   <div class='ocr_carea' id='block_1_70' title="bbox 2183 2618 3772 2702">
    <p class='ocr_par' dir='ltr' id='par_1_70' title="bbox 2183 2618 3772 2702">
     <span class='ocr_line' id='line_1_70' title="bbox 2183 2618 3772 2702; baseline -0.008 -17"><span class='ocrx_word' id='word_1_545' title='bbox 2183 2629 2326 2702; x_wconf 91' lang='lat' dir='ltr'><strong>quod</strong></span> <span class='ocrx_word' id='word_1_546' title='bbox 2357 2629 2476 2698; x_wconf 85' lang='lat' dir='ltr'><strong>ejus</strong></span> <span class='ocrx_word' id='word_1_547' title='bbox 2505 2623 2874 2696; x_wconf 89' lang='lat' dir='ltr'><strong>computrivit,</strong></span> <span class='ocrx_word' id='word_1_548' title='bbox 2925 2631 3014 2678; x_wconf 91' lang='lat' dir='ltr'><strong>aut</strong></span> <span class='ocrx_word' id='word_1_549' title='bbox 3045 2623 3340 2695; x_wconf 86' lang='lat' dir='ltr'><strong>quamlibet</strong></span> <span class='ocrx_word' id='word_1_550' title='bbox 3383 2620 3543 2678; x_wconf 89' lang='lat' dir='ltr'><strong>aliam</strong></span> <span class='ocrx_word' id='word_1_551' title='bbox 3585 2618 3772 2676; x_wconf 89' lang='lat' dir='ltr'><strong>disso-</strong></span> 
     </span>
    </p>
   </div>
   <div class='ocr_carea' id='block_1_71' title="bbox 2183 2706 3762 2784">
    <p class='ocr_par' dir='ltr' id='par_1_71' title="bbox 2183 2706 3762 2784">
     <span class='ocr_line' id='line_1_71' title="bbox 2183 2706 3762 2784; baseline -0.008 -10"><span class='ocrx_word' id='word_1_552' title='bbox 2183 2719 2440 2774; x_wconf 90' lang='lat' dir='ltr'><strong>lutionem</strong></span> <span class='ocrx_word' id='word_1_553' title='bbox 2473 2713 2746 2777; x_wconf 81' lang='lat' dir='ltr'><strong>sustinuit,</strong></span> <span class='ocrx_word' id='word_1_554' title='bbox 2777 2713 2889 2768; x_wconf 92' lang='lat' dir='ltr'><strong>imo</strong></span> <span class='ocrx_word' id='word_1_555' title='bbox 2920 2720 3062 2768; x_wconf 92' lang='lat' dir='ltr'><strong>totus</strong></span> <span class='ocrx_word' id='word_1_556' title='bbox 3091 2720 3143 2767; x_wconf 91' lang='lat' dir='ltr'><strong>ct</strong></span> <span class='ocrx_word' id='word_1_557' title='bbox 3185 2711 3402 2784; x_wconf 80' lang='lat' dir='ltr'><strong>integer</strong></span> <span class='ocrx_word' id='word_1_558' title='bbox 3429 2706 3762 2765; x_wconf 79' lang='lat' dir='ltr'><strong>resurrexit.</strong></span> 
     </span>
    </p>
   </div>
   <div class='ocr_carea' id='block_1_72' title="bbox 2185 2803 3771 2888">
    <p class='ocr_par' dir='ltr' id='par_1_72' title="bbox 2185 2803 3771 2888">
     <span class='ocr_line' id='line_1_72' title="bbox 2185 2803 3771 2888; baseline -0.008 -16"><span class='ocrx_word' id='word_1_559' title='bbox 2185 2817 2346 2872; x_wconf 88' lang='lat' dir='ltr'><strong>Vides</strong></span> <span class='ocrx_word' id='word_1_560' title='bbox 2402 2813 2568 2888; x_wconf 81' lang='lat' dir='ltr'><strong>igitur</strong></span> <span class='ocrx_word' id='word_1_561' title='bbox 2615 2810 2740 2884; x_wconf 91' lang='lat' dir='ltr'><strong>quia</strong></span> <span class='ocrx_word' id='word_1_562' title='bbox 2788 2811 2928 2865; x_wconf 83' lang='lat' dir='ltr'><strong>sicut</strong></span> <span class='ocrx_word' id='word_1_563' title='bbox 2966 2808 3286 2880; x_wconf 56' lang='lat' dir='ltr'><strong>praedictum</strong></span> <span class='ocrx_word' id='word_1_564' title='bbox 3337 2814 3413 2864; x_wconf 89' lang='lat' dir='ltr'><strong>est</strong></span> <span class='ocrx_word' id='word_1_565' title='bbox 3457 2822 3630 2880; x_wconf 88' lang='lat' dir='ltr'><strong>agnus</strong></span> <span class='ocrx_word' id='word_1_566' title='bbox 3677 2803 3771 2860; x_wconf 90' lang='lat' dir='ltr'><strong>ille</strong></span> 
     </span>
    </p>
   </div>
   <div class='ocr_carea' id='block_1_73' title="bbox 2180 2891 3770 2977">
    <p class='ocr_par' dir='ltr' id='par_1_73' title="bbox 2180 2891 3770 2977">
     <span class='ocr_line' id='line_1_73' title="bbox 2180 2891 3770 2977; baseline -0.009 -16"><span class='ocrx_word' id='word_1_567' title='bbox 2180 2904 2414 2977; x_wconf 65' lang='lat' dir='ltr'><strong>zEgypti,</strong></span> <span class='ocrx_word' id='word_1_568' title='bbox 2457 2909 2618 2974; x_wconf 89' lang='lat' dir='ltr'><strong>atque</strong></span> <span class='ocrx_word' id='word_1_569' title='bbox 2675 2900 2808 2954; x_wconf 90' lang='lat' dir='ltr'><strong>ritus</strong></span> <span class='ocrx_word' id='word_1_570' title='bbox 2863 2899 2969 2965; x_wconf 91' lang='lat' dir='ltr'><strong>sui,</strong></span> <span class='ocrx_word' id='word_1_571' title='bbox 3030 2897 3198 2970; x_wconf 86' lang='lat' dir='ltr'><strong>ﬁgura</strong></span> <span class='ocrx_word' id='word_1_572' title='bbox 3225 2905 3280 2953; x_wconf 92' lang='lat' dir='ltr'><strong>et</strong></span> <span class='ocrx_word' id='word_1_573' title='bbox 3311 2893 3610 2952; x_wconf 88' lang='lat' dir='ltr'><strong>similitudo</strong></span> <span class='ocrx_word' id='word_1_574' title='bbox 3641 2891 3770 2966; x_wconf 83' lang='lat' dir='ltr'><strong>agni</strong></span> 
     </span>
    </p>
   </div>
   <div class='ocr_carea' id='block_1_74' title="bbox 2183 2983 3766 3058">
    <p class='ocr_par' dir='ltr' id='par_1_74' title="bbox 2183 2983 3766 3058">
     <span class='ocr_line' id='line_1_74' title="bbox 2183 2983 3766 3058; baseline -0.008 -9"><span class='ocrx_word' id='word_1_575' title='bbox 2183 2995 2278 3050; x_wconf 79' lang='lat' dir='ltr'><strong>Dri</strong></span> <span class='ocrx_word' id='word_1_576' title='bbox 2309 2994 2546 3058; x_wconf 85' lang='lat' dir='ltr'><strong>fuerunt,</strong></span> <span class='ocrx_word' id='word_1_577' title='bbox 2575 2990 2628 3045; x_wconf 90' lang='lat' dir='ltr'><strong>id</strong></span> <span class='ocrx_word' id='word_1_578' title='bbox 2660 2997 2746 3044; x_wconf 90' lang='lat' dir='ltr'><strong>est</strong></span> <span class='ocrx_word' id='word_1_579' title='bbox 2777 2987 2994 3044; x_wconf 84' lang='lat' dir='ltr'><strong>Christi.</strong></span> <span class='ocrx_word' id='word_1_580' title='bbox 3043 2986 3202 3056; x_wconf 92' lang='lat' dir='ltr'><strong>Quod</strong></span> <span class='ocrx_word' id='word_1_581' title='bbox 3233 2987 3278 3042; x_wconf 91' lang='lat' dir='ltr'><strong>si</strong></span> <span class='ocrx_word' id='word_1_582' title='bbox 3311 2987 3473 3041; x_wconf 91' lang='lat' dir='ltr'><strong>ritum</strong></span> <span class='ocrx_word' id='word_1_583' title='bbox 3527 2983 3766 3056; x_wconf 91' lang='lat' dir='ltr'><strong>aliquem</strong></span> 
     </span>
    </p>
   </div>
   <div class='ocr_carea' id='block_1_75' title="bbox 2176 3080 3767 3166">
    <p class='ocr_par' dir='ltr' id='par_1_75' title="bbox 2176 3080 3767 3166">
     <span class='ocr_line' id='line_1_75' title="bbox 2176 3080 3767 3166; baseline -0.009 -19"><span class='ocrx_word' id='word_1_584' title='bbox 2176 3090 2624 3166; x_wconf 71' lang='lat' dir='ltr'><strong>praetermisimus</strong></span> <span class='ocrx_word' id='word_1_585' title='bbox 2673 3103 2781 3144; x_wconf 93' lang='lat' dir='ltr'><strong>non</strong></span> <span class='ocrx_word' id='word_1_586' title='bbox 2823 3085 3198 3157; x_wconf 82' lang='lat' dir='ltr'><strong>explanatum,</strong></span> <span class='ocrx_word' id='word_1_587' title='bbox 3230 3084 3274 3139; x_wconf 89' lang='lat' dir='ltr'><strong>si</strong></span> <span class='ocrx_word' id='word_1_588' title='bbox 3315 3091 3512 3139; x_wconf 89' lang='lat' dir='ltr'><strong>attente</strong></span> <span class='ocrx_word' id='word_1_589' title='bbox 3542 3080 3767 3137; x_wconf 71' lang='lat' dir='ltr'><strong>investi-</strong></span> 
     </span>
    </p>
   </div>
   <div class='ocr_carea' id='block_1_76' title="bbox 2175 3173 3546 3255">
    <p class='ocr_par' dir='ltr' id='par_1_76' title="bbox 2175 3173 3546 3255">
     <span class='ocr_line' id='line_1_76' title="bbox 2175 3173 3546 3255; baseline -0.009 -17"><span class='ocrx_word' id='word_1_590' title='bbox 2175 3199 2294 3255; x_wconf 92' lang='lat' dir='ltr'><strong>ges,</strong></span> <span class='ocrx_word' id='word_1_591' title='bbox 2329 3179 2578 3236; x_wconf 90' lang='lat' dir='ltr'><strong>similiter</strong></span> <span class='ocrx_word' id='word_1_592' title='bbox 2606 3176 2812 3249; x_wconf 90' lang='lat' dir='ltr'><strong>poteris</strong></span> <span class='ocrx_word' id='word_1_593' title='bbox 2841 3174 3118 3246; x_wconf 88' lang='lat' dir='ltr'><strong>applicare</strong></span> <span class='ocrx_word' id='word_1_594' title='bbox 3145 3173 3215 3229; x_wconf 86' lang='lat' dir='ltr'><strong>ad</strong></span> <span class='ocrx_word' id='word_1_595' title='bbox 3247 3173 3546 3228; x_wconf 88' lang='lat' dir='ltr'><strong>Christum.</strong></span> 
     </span>
    </p>
   </div>
   <div class='ocr_carea' id='block_1_77' title="bbox 2249 3283 3768 3362">
    <p class='ocr_par' dir='ltr' id='par_1_77' title="bbox 2249 3283 3768 3362">
     <span class='ocr_line' id='line_1_77' title="bbox 2249 3283 3768 3362; baseline -0.009 -10"><span class='ocrx_word' id='word_1_596' title='bbox 2249 3299 2502 3352; x_wconf 75' lang='lat' dir='ltr'><strong>Movsss.</strong></span> <span class='ocrx_word' id='word_1_597' title='bbox 2543 3292 2834 3362; x_wconf 87' lang='lat' dir='ltr'><strong>Quoniam,</strong></span> <span class='ocrx_word' id='word_1_598' title='bbox 2869 3292 3045 3354; x_wconf 85' lang='lat' dir='ltr'><strong>Petre,</strong></span> <span class='ocrx_word' id='word_1_599' title='bbox 3081 3289 3260 3344; x_wconf 89' lang='lat' dir='ltr'><strong>Phase</strong></span> <span class='ocrx_word' id='word_1_600' title='bbox 3300 3287 3538 3360; x_wconf 42' lang='lat' dir='ltr'><strong>JEgypti,</strong></span> <span class='ocrx_word' id='word_1_601' title='bbox 3571 3293 3628 3341; x_wconf 92' lang='lat' dir='ltr'><strong>ut</strong></span> <span class='ocrx_word' id='word_1_602' title='bbox 3655 3283 3768 3355; x_wconf 89' lang='lat' dir='ltr'><strong>pla-</strong></span> 
     </span>
    </p>
   </div>
   <div class='ocr_carea' id='block_1_78' title="bbox 2177 3372 3768 3455">
    <p class='ocr_par' dir='ltr' id='par_1_78' title="bbox 2177 3372 3768 3455">
     <span class='ocr_line' id='line_1_78' title="bbox 2177 3372 3768 3455; baseline -0.009 -13"><span class='ocrx_word' id='word_1_603' title='bbox 2177 3387 2304 3448; x_wconf 85' lang='lat' dir='ltr'><strong>cuit.</strong></span> <span class='ocrx_word' id='word_1_604' title='bbox 2350 3381 2670 3455; x_wconf 83' lang='lat' dir='ltr'><strong>explanasti,</strong></span> <span class='ocrx_word' id='word_1_605' title='bbox 2732 3380 2857 3436; x_wconf 91' lang='lat' dir='ltr'><strong>volo</strong></span> <span class='ocrx_word' id='word_1_606' title='bbox 2911 3379 3084 3446; x_wconf 88' lang='lat' dir='ltr'><strong>dicas,</strong></span> <span class='ocrx_word' id='word_1_607' title='bbox 3142 3377 3189 3432; x_wconf 92' lang='lat' dir='ltr'><strong>si</strong></span> <span class='ocrx_word' id='word_1_608' title='bbox 3219 3375 3393 3448; x_wconf 88' lang='lat' dir='ltr'><strong>placet</strong></span> <span class='ocrx_word' id='word_1_609' title='bbox 3445 3389 3616 3446; x_wconf 91' lang='lat' dir='ltr'><strong>quare</strong></span> <span class='ocrx_word' id='word_1_610' title='bbox 3651 3372 3768 3428; x_wconf 90' lang='lat' dir='ltr'><strong>vice</strong></span> 
     </span>
    </p>
   </div>
   <div class='ocr_carea' id='block_1_79' title="bbox 2178 3469 3761 3546">
    <p class='ocr_par' dir='ltr' id='par_1_79' title="bbox 2178 3469 3761 3546">
     <span class='ocr_line' id='line_1_79' title="bbox 2178 3469 3761 3546; baseline -0.011 -6"><span class='ocrx_word' id='word_1_611' title='bbox 2178 3484 2350 3540; x_wconf 86' lang='lat' dir='ltr'><strong>altera</strong></span> <span class='ocrx_word' id='word_1_612' title='bbox 2389 3483 2560 3536; x_wconf 83' lang='lat' dir='ltr'><strong>Phase</strong></span> <span class='ocrx_word' id='word_1_613' title='bbox 2603 3480 2659 3534; x_wconf 91' lang='lat' dir='ltr'>in</span> <span class='ocrx_word' id='word_1_614' title='bbox 2710 3479 2928 3532; x_wconf 91' lang='lat' dir='ltr'><strong>deserto</strong></span> <span class='ocrx_word' id='word_1_615' title='bbox 2977 3483 3310 3546; x_wconf 67' lang='lat' dir='ltr'><strong>praeceptum</strong></span> <span class='ocrx_word' id='word_1_616' title='bbox 3337 3481 3418 3528; x_wconf 91' lang='lat' dir='ltr'><strong>est</strong></span> <span class='ocrx_word' id='word_1_617' title='bbox 3462 3469 3578 3526; x_wconf 85' lang='lat' dir='ltr'><strong>ﬁeri</strong></span> <span class='ocrx_word' id='word_1_618' title='bbox 3607 3473 3761 3538; x_wconf 79' lang='lat' dir='ltr'><strong>(Leu.</strong></span> 
     </span>
    </p>
   </div>
   <div class='ocr_carea' id='block_1_80' title="bbox 2178 3569 2801 3640">
    <p class='ocr_par' dir='ltr' id='par_1_80' title="bbox 2178 3569 2801 3640">
     <span class='ocr_line' id='line_1_80' title="bbox 2178 3569 2801 3640; baseline -0.013 -12"><span class='ocrx_word' id='word_1_619' title='bbox 2178 3589 2320 3628; x_wconf 69' lang='grc' dir='ltr'>χχιιι</span> <span class='ocrx_word' id='word_1_620' title='bbox 2342 3587 2356 3640; x_wconf 89' lang='grc'>;</span> <span class='ocrx_word' id='word_1_621' title='bbox 2389 3572 2554 3626; x_wconf 75' lang='lat' dir='ltr'><strong>Nam.</strong></span> <span class='ocrx_word' id='word_1_622' title='bbox 2589 3569 2801 3628; x_wconf 74' lang='lat' dir='ltr'><strong>xxviii).</strong></span> 
     </span>
    </p>
   </div>
   <div class='ocr_carea' id='block_1_81' title="bbox 2251 3667 3767 3733">
    <p class='ocr_par' dir='ltr' id='par_1_81' title="bbox 2251 3667 3767 3733">
     <span class='ocr_line' id='line_1_81' title="bbox 2251 3667 3767 3733; baseline -0.011 0"><span class='ocrx_word' id='word_1_623' title='bbox 2251 3681 2492 3733; x_wconf 69' lang='lat' dir='ltr'><strong>Parcus.</strong></span> <span class='ocrx_word' id='word_1_624' title='bbox 2525 3674 2688 3731; x_wconf 86' lang='lat' dir='ltr'><strong>Nulla</strong></span> <span class='ocrx_word' id='word_1_625' title='bbox 2716 3688 2850 3728; x_wconf 89' lang='lat' dir='ltr'><strong>sane</strong></span> <span class='ocrx_word' id='word_1_626' title='bbox 2879 3671 2948 3727; x_wconf 93' lang='lat' dir='ltr'><strong>de</strong></span> <span class='ocrx_word' id='word_1_627' title='bbox 2992 3684 3157 3727; x_wconf 85' lang='lat' dir='ltr'><strong>causa</strong></span> <span class='ocrx_word' id='word_1_628' title='bbox 3185 3677 3276 3724; x_wconf 91' lang='lat' dir='ltr'><strong>aut</strong></span> <span class='ocrx_word' id='word_1_629' title='bbox 3313 3667 3541 3722; x_wconf 90' lang='lat' dir='ltr'><strong>utilitate</strong></span> <span class='ocrx_word' id='word_1_630' title='bbox 3570 3667 3767 3720; x_wconf 78' lang='lat' dir='ltr'><strong>factum</strong></span> 
     </span>
    </p>
   </div>
   <div class='ocr_carea' id='block_1_82' title="bbox 2179 3753 3768 3832">
    <p class='ocr_par' dir='ltr' id='par_1_82' title="bbox 2179 3753 3768 3832">
     <span class='ocr_line' id='line_1_82' title="bbox 2179 3753 3768 3832; baseline -0.011 -9"><span class='ocrx_word' id='word_1_631' title='bbox 2179 3775 2281 3832; x_wconf 91' lang='lat' dir='ltr'><strong>est,</strong></span> <span class='ocrx_word' id='word_1_632' title='bbox 2315 3767 2420 3822; x_wconf 90' lang='lat' dir='ltr'><strong>nisi</strong></span> <span class='ocrx_word' id='word_1_633' title='bbox 2448 3765 2520 3820; x_wconf 93' lang='lat' dir='ltr'><strong>ob</strong></span> <span class='ocrx_word' id='word_1_634' title='bbox 2551 3761 2876 3820; x_wconf 88' lang='lat' dir='ltr'><strong>memoriam</strong></span> <span class='ocrx_word' id='word_1_635' title='bbox 2909 3761 3080 3815; x_wconf 89' lang='lat' dir='ltr'><strong>Phase</strong></span> <span class='ocrx_word' id='word_1_636' title='bbox 3109 3756 3432 3830; x_wconf 72' lang='lat' dir='ltr'><strong>Egyptiaci,</strong></span> <span class='ocrx_word' id='word_1_637' title='bbox 3461 3764 3511 3811; x_wconf 91' lang='lat' dir='ltr'><strong>et</strong></span> <span class='ocrx_word' id='word_1_638' title='bbox 3541 3753 3610 3810; x_wconf 88' lang='lat' dir='ltr'><strong>ad</strong></span> <span class='ocrx_word' id='word_1_639' title='bbox 3635 3768 3768 3807; x_wconf 88' lang='lat' dir='ltr'><strong>nun-</strong></span> 
     </span>
    </p>
   </div>
   <div class='ocr_carea' id='block_1_83' title="bbox 2182 3850 3777 3933">
    <p class='ocr_par' dir='ltr' id='par_1_83' title="bbox 2182 3850 3777 3933">
     <span class='ocr_line' id='line_1_83' title="bbox 2182 3850 3777 3933; baseline -0.012 -13"><span class='ocrx_word' id='word_1_640' title='bbox 2182 3865 2426 3927; x_wconf 74' lang='lat' dir='ltr'><strong>tiandum</strong></span> <span class='ocrx_word' id='word_1_641' title='bbox 2457 3862 2614 3928; x_wconf 90' lang='lat' dir='ltr'><strong>illud,</strong></span> <span class='ocrx_word' id='word_1_642' title='bbox 2649 3876 2757 3933; x_wconf 91' lang='lat' dir='ltr'><strong>quo</strong></span> <span class='ocrx_word' id='word_1_643' title='bbox 2787 3856 3152 3914; x_wconf 91' lang='lat' dir='ltr'><strong>immolandus</strong></span> <span class='ocrx_word' id='word_1_644' title='bbox 3181 3863 3295 3910; x_wconf 87' lang='lat' dir='ltr'><strong>erat</strong></span> <span class='ocrx_word' id='word_1_645' title='bbox 3317 3852 3564 3908; x_wconf 89' lang='lat' dir='ltr'><strong>Christus</strong></span> <span class='ocrx_word' id='word_1_646' title='bbox 3590 3850 3777 3920; x_wconf 82' lang='lat' dir='ltr'><strong>Agnus</strong></span> 
     </span>
    </p>
   </div>
   <div class='ocr_carea' id='block_1_84' title="bbox 2181 3935 3775 4016">
    <p class='ocr_par' dir='ltr' id='par_1_84' title="bbox 2181 3935 3775 4016">
     <span class='ocr_line' id='line_1_84' title="bbox 2181 3935 3775 4016; baseline -0.013 -6"><span class='ocrx_word' id='word_1_647' title='bbox 2181 3955 2301 4010; x_wconf 91' lang='lat' dir='ltr'><strong>Dei.</strong></span> <span class='ocrx_word' id='word_1_648' title='bbox 2337 3952 2445 4009; x_wconf 88' lang='lat' dir='ltr'><strong>Sed</strong></span> <span class='ocrx_word' id='word_1_649' title='bbox 2474 3959 2528 4006; x_wconf 92' lang='lat' dir='ltr'><strong>et</strong></span> <span class='ocrx_word' id='word_1_650' title='bbox 2572 3949 2706 4004; x_wconf 92' lang='lat' dir='ltr'><strong>illud</strong></span> <span class='ocrx_word' id='word_1_651' title='bbox 2751 3949 2926 4003; x_wconf 85' lang='lat' dir='ltr'><strong>Phase</strong></span> <span class='ocrx_word' id='word_1_652' title='bbox 2965 3961 3205 4016; x_wconf 87' lang='lat' dir='ltr'><strong>semper,</strong></span> <span class='ocrx_word' id='word_1_653' title='bbox 3237 3941 3413 4014; x_wconf 90' lang='lat' dir='ltr'><strong>quoad</strong></span> <span class='ocrx_word' id='word_1_654' title='bbox 3443 3939 3592 4005; x_wconf 85' lang='lat' dir='ltr'><strong>vixit,</strong></span> <span class='ocrx_word' id='word_1_655' title='bbox 3623 3935 3775 3993; x_wconf 88' lang='lat' dir='ltr'><strong>Chri-</strong></span> 
     </span>
    </p>
   </div>
   <div class='ocr_carea' id='block_1_85' title="bbox 2181 4034 3776 4113">
    <p class='ocr_par' dir='ltr' id='par_1_85' title="bbox 2181 4034 3776 4113">
     <span class='ocr_line' id='line_1_85' title="bbox 2181 4034 3776 4113; baseline -0.009 -7"><span class='ocrx_word' id='word_1_656' title='bbox 2181 4060 2298 4106; x_wconf 89' lang='lat' dir='ltr'><strong>stus</strong></span> <span class='ocrx_word' id='word_1_657' title='bbox 2353 4047 2672 4112; x_wconf 88' lang='lat' dir='ltr'><strong>celebravit,</strong></span> <span class='ocrx_word' id='word_1_658' title='bbox 2740 4054 2851 4100; x_wconf 91' lang='lat' dir='ltr'><strong>tum</strong></span> <span class='ocrx_word' id='word_1_659' title='bbox 2907 4052 2964 4098; x_wconf 92' lang='lat' dir='ltr'><strong>ut</strong></span> <span class='ocrx_word' id='word_1_660' title='bbox 3020 4043 3197 4113; x_wconf 82' lang='lat' dir='ltr'><strong>legem</strong></span> <span class='ocrx_word' id='word_1_661' title='bbox 3257 4037 3556 4108; x_wconf 90' lang='lat' dir='ltr'><strong>compleret</strong></span> <span class='ocrx_word' id='word_1_662' title='bbox 3615 4034 3776 4104; x_wconf 80' lang='lat' dir='ltr'><strong>Moysi</strong></span> 
     </span>
    </p>
   </div>
   <div class='ocr_carea' id='block_1_86' title="bbox 2182 4123 3777 4207">
    <p class='ocr_par' dir='ltr' id='par_1_86' title="bbox 2182 4123 3777 4207">
     <span class='ocr_line' id='line_1_86' title="bbox 2182 4123 3777 4207; baseline -0.013 -11"><span class='ocrx_word' id='word_1_663' title='bbox 2182 4139 2406 4199; x_wconf 71' lang='grc' dir='ltr'>(ιιαιιὴ.</span> <span class='ocrx_word' id='word_1_664' title='bbox 2442 4139 2514 4207; x_wconf 86' lang='grc' dir='ltr'><strong>ν),</strong></span> <span class='ocrx_word' id='word_1_665' title='bbox 2551 4145 2662 4191; x_wconf 91' lang='lat' dir='ltr'><strong>tum</strong></span> <span class='ocrx_word' id='word_1_666' title='bbox 2695 4134 2823 4206; x_wconf 91' lang='lat' dir='ltr'><strong>quia</strong></span> <span class='ocrx_word' id='word_1_667' title='bbox 2869 4132 3107 4188; x_wconf 90' lang='lat' dir='ltr'><strong>nondum</strong></span> <span class='ocrx_word' id='word_1_668' title='bbox 3138 4127 3396 4199; x_wconf 90' lang='lat' dir='ltr'><strong>completi</strong></span> <span class='ocrx_word' id='word_1_669' title='bbox 3438 4131 3622 4181; x_wconf 87' lang='lat' dir='ltr'><strong>essent</strong></span> <span class='ocrx_word' id='word_1_670' title='bbox 3649 4123 3777 4177; x_wconf 86' lang='lat' dir='ltr'><strong>ritus</strong></span> 
     </span>
    </p>
   </div>
   <div class='ocr_carea' id='block_1_87' title="bbox 2178 4222 3775 4298">
    <p class='ocr_par' dir='ltr' id='par_1_87' title="bbox 2178 4222 3775 4298">
     <span class='ocr_line' id='line_1_87' title="bbox 2178 4222 3775 4298; baseline -0.013 -14"><span class='ocrx_word' id='word_1_671' title='bbox 2178 4228 2282 4285; x_wconf 89' lang='lat' dir='ltr'><strong>illi.</strong></span> <span class='ocrx_word' id='word_1_672' title='bbox 2319 4230 2609 4298; x_wconf 88' lang='lat' dir='ltr'><strong>Postquam</strong></span> <span class='ocrx_word' id='word_1_673' title='bbox 2641 4240 2773 4278; x_wconf 83' lang='lat' dir='ltr'><strong>vero</strong></span> <span class='ocrx_word' id='word_1_674' title='bbox 2804 4239 2899 4292; x_wconf 91' lang='lat' dir='ltr'><strong>per</strong></span> <span class='ocrx_word' id='word_1_675' title='bbox 2946 4229 3178 4276; x_wconf 90' lang='lat' dir='ltr'><strong>mortem</strong></span> <span class='ocrx_word' id='word_1_676' title='bbox 3229 4233 3378 4272; x_wconf 88' lang='lat' dir='ltr'><strong>suam</strong></span> <span class='ocrx_word' id='word_1_677' title='bbox 3424 4222 3590 4270; x_wconf 92' lang='lat' dir='ltr'><strong>totum</strong></span> <span class='ocrx_word' id='word_1_678' title='bbox 3637 4227 3775 4268; x_wconf 85' lang='lat' dir='ltr'><strong>com-</strong></span> 
     </span>
    </p>
   </div>
   <div class='ocr_carea' id='block_1_88' title="bbox 2182 4300 3776 4390">
    <p class='ocr_par' dir='ltr' id='par_1_88' title="bbox 2182 4300 3776 4390">
     <span class='ocr_line' id='line_1_88' title="bbox 2182 4300 3776 4390; baseline -0.012 -18"><span class='ocrx_word' id='word_1_679' title='bbox 2182 4319 2382 4390; x_wconf 90' lang='lat' dir='ltr'><strong>pletum</strong></span> <span class='ocrx_word' id='word_1_680' title='bbox 2414 4323 2515 4378; x_wconf 89' lang='lat' dir='ltr'><strong>est,</strong></span> <span class='ocrx_word' id='word_1_681' title='bbox 2543 4315 2659 4383; x_wconf 91' lang='lat' dir='ltr'><strong>jam</strong></span> <span class='ocrx_word' id='word_1_682' title='bbox 2712 4311 2844 4366; x_wconf 90' lang='lat' dir='ltr'><strong>illud</strong></span> <span class='ocrx_word' id='word_1_683' title='bbox 2895 4311 3065 4366; x_wconf 87' lang='lat' dir='ltr'><strong>Phase</strong></span> <span class='ocrx_word' id='word_1_684' title='bbox 3111 4307 3226 4362; x_wconf 86' lang='lat' dir='ltr'><strong>ﬁeri</strong></span> <span class='ocrx_word' id='word_1_685' title='bbox 3271 4319 3503 4360; x_wconf 88' lang='lat' dir='ltr'><strong>necesse</strong></span> <span class='ocrx_word' id='word_1_686' title='bbox 3559 4300 3776 4390; x_wconf 74' lang='lat' dir='ltr'><strong>ulterius</strong></span> 
     </span>
    </p>
   </div>
   <div class='ocr_carea' id='block_1_89' title="bbox 2186 4387 3777 4467">
    <p class='ocr_par' dir='ltr' id='par_1_89' title="bbox 2186 4387 3777 4467">
     <span class='ocr_line' id='line_1_89' title="bbox 2186 4387 3777 4467; baseline -0.013 -5"><span class='ocrx_word' id='word_1_687' title='bbox 2186 4387 2296 4462; x_wconf 66' lang='lat' dir='ltr'><strong>oon</strong></span> <span class='ocrx_word' id='word_1_688' title='bbox 2331 4414 2430 4467; x_wconf 90' lang='lat' dir='ltr'><strong>est,</strong></span> <span class='ocrx_word' id='word_1_689' title='bbox 2467 4404 2575 4458; x_wconf 90' lang='lat' dir='ltr'><strong>imo</strong></span> <span class='ocrx_word' id='word_1_690' title='bbox 2615 4401 2824 4456; x_wconf 87' lang='lat' dir='ltr'><strong>Pascha</strong></span> <span class='ocrx_word' id='word_1_691' title='bbox 2856 4399 2990 4453; x_wconf 87' lang='lat' dir='ltr'><strong>illud</strong></span> <span class='ocrx_word' id='word_1_692' title='bbox 3021 4397 3167 4467; x_wconf 83' lang='lat' dir='ltr'><strong>quod</strong></span> <span class='ocrx_word' id='word_1_693' title='bbox 3199 4394 3267 4449; x_wconf 89' lang='lat' dir='ltr'><strong>ab</strong></span> <span class='ocrx_word' id='word_1_694' title='bbox 3297 4391 3556 4463; x_wconf 78' lang='lat' dir='ltr'><strong>apostolis</strong></span> <span class='ocrx_word' id='word_1_695' title='bbox 3587 4387 3777 4444; x_wconf 75' lang='lat' dir='ltr'><strong>nostris</strong></span> 
     </span>
    </p>
   </div>
   <div class='ocr_carea' id='block_1_90' title="bbox 2185 4476 3774 4550">
    <p class='ocr_par' dir='ltr' id='par_1_90' title="bbox 2185 4476 3774 4550">
     <span class='ocr_line' id='line_1_90' title="bbox 2185 4476 3774 4550; baseline -0.013 -1"><span class='ocrx_word' id='word_1_696' title='bbox 2185 4493 2498 4550; x_wconf 90' lang='lat' dir='ltr'><strong>ordinatum</strong></span> <span class='ocrx_word' id='word_1_697' title='bbox 2545 4489 2706 4545; x_wconf 83' lang='lat' dir='ltr'><strong>nobis</strong></span> <span class='ocrx_word' id='word_1_698' title='bbox 2753 4495 2861 4543; x_wconf 91' lang='lat' dir='ltr'><strong>est.</strong></span> <span class='ocrx_word' id='word_1_699' title='bbox 2935 4487 3162 4542; x_wconf 81' lang='lat' dir='ltr'><strong>Rectum</strong></span> <span class='ocrx_word' id='word_1_700' title='bbox 3223 4491 3308 4538; x_wconf 90' lang='lat' dir='ltr'><strong>est</strong></span> <span class='ocrx_word' id='word_1_701' title='bbox 3345 4481 3490 4536; x_wconf 86' lang='lat' dir='ltr'><strong>enim</strong></span> <span class='ocrx_word' id='word_1_702' title='bbox 3537 4486 3595 4532; x_wconf 91' lang='lat' dir='ltr'><strong>ut</strong></span> <span class='ocrx_word' id='word_1_703' title='bbox 3642 4476 3774 4531; x_wconf 88' lang='lat' dir='ltr'><strong>diem</strong></span> 
     </span>
    </p>
   </div>
   <div class='ocr_carea' id='block_1_91' title="bbox 479 4580 3777 4676">
    <p class='ocr_par' dir='ltr' id='par_1_91' title="bbox 479 4580 3777 4676">
     <span class='ocr_line' id='line_1_91' title="bbox 479 4580 3777 4676; baseline -0.004 -35"><span class='ocrx_word' id='word_1_704' title='bbox 479 4599 717 4657; x_wconf 82' lang='lat' dir='ltr'><strong>vespera</strong></span> <span class='ocrx_word' id='word_1_705' title='bbox 745 4583 800 4638; x_wconf 88' lang='lat' dir='ltr'><strong>id</strong></span> <span class='ocrx_word' id='word_1_706' title='bbox 829 4591 911 4639; x_wconf 73' lang='lat' dir='ltr'><strong>est</strong></span> <span class='ocrx_word' id='word_1_707' title='bbox 939 4585 1073 4639; x_wconf 68' lang='lat' dir='ltr'><strong>110m</strong></span> <span class='ocrx_word' id='word_1_708' title='bbox 1101 4597 1246 4639; x_wconf 70' lang='grc' dir='ltr'>ηοιια</span> <span class='ocrx_word' id='word_1_709' title='bbox 1277 4591 1334 4638; x_wconf 74' lang='grc' dir='ltr'><strong>ιιι</strong></span> <span class='ocrx_word' id='word_1_710' title='bbox 1365 4585 1568 4654; x_wconf 73' lang='grc' dir='ltr'><strong>νοείρεί</strong></span> <span class='ocrx_word' id='word_1_711' title='bbox 1601 4587 1823 4642; x_wconf 69' lang='lat' dir='ltr'><strong>creditis</strong></span> <span class='ocrx_word' id='word_1_712' title='bbox 1849 4589 2078 4659; x_wconf 83' lang='lat' dir='ltr'><strong>expira-</strong></span> <span class='ocrx_word' id='word_1_713' title='bbox 2114 4617 2162 4676; x_wconf 71' lang='grc' dir='ltr'>υ</span> <span class='ocrx_word' id='word_1_714' title='bbox 2193 4590 2510 4648; x_wconf 86' lang='lat' dir='ltr'><strong>salvationis</strong></span> <span class='ocrx_word' id='word_1_715' title='bbox 2538 4587 2835 4642; x_wconf 91' lang='lat' dir='ltr'><strong>animarum</strong></span> <span class='ocrx_word' id='word_1_716' title='bbox 2867 4601 2990 4657; x_wconf 74' lang='lat' dir='ltr'><strong>quae</strong></span> <span class='ocrx_word' id='word_1_717' title='bbox 3018 4582 3121 4638; x_wconf 92' lang='lat' dir='ltr'><strong>coli</strong></span> <span class='ocrx_word' id='word_1_718' title='bbox 3152 4580 3373 4653; x_wconf 87' lang='lat' dir='ltr'><strong>dignior</strong></span> <span class='ocrx_word' id='word_1_719' title='bbox 3393 4585 3477 4634; x_wconf 89' lang='lat' dir='ltr'><strong>est</strong></span> <span class='ocrx_word' id='word_1_720' title='bbox 3503 4582 3777 4632; x_wconf 88' lang='lat' dir='ltr'><strong>commute-</strong></span> 
     </span>
    </p>
   </div>
   <div class='ocr_carea' id='block_1_92' title="bbox 482 4671 2082 4745">
    <p class='ocr_par' dir='ltr' id='par_1_92' title="bbox 482 4671 2082 4745">
     <span class='ocr_line' id='line_1_92' title="bbox 482 4671 2082 4745; baseline 0.002 -15"><span class='ocrx_word' id='word_1_721' title='bbox 482 4675 590 4730; x_wconf 92' lang='lat' dir='ltr'><strong>vit.</strong></span> <span class='ocrx_word' id='word_1_722' title='bbox 629 4675 862 4729; x_wconf 87' lang='lat' dir='ltr'><strong>Possunt</strong></span> <span class='ocrx_word' id='word_1_723' title='bbox 890 4679 1073 4728; x_wconf 89' lang='lat' dir='ltr'><strong>autem</strong></span> <span class='ocrx_word' id='word_1_724' title='bbox 1100 4681 1154 4728; x_wconf 91' lang='lat' dir='ltr'><strong>et</strong></span> <span class='ocrx_word' id='word_1_725' title='bbox 1184 4688 1284 4743; x_wconf 89' lang='lat' dir='ltr'><strong>per</strong></span> <span class='ocrx_word' id='word_1_726' title='bbox 1313 4671 1423 4727; x_wconf 93' lang='lat' dir='ltr'><strong>duo</strong></span> <span class='ocrx_word' id='word_1_727' title='bbox 1447 4689 1698 4745; x_wconf 89' lang='lat' dir='ltr'><strong>vespera,</strong></span> <span class='ocrx_word' id='word_1_728' title='bbox 1728 4675 1850 4731; x_wconf 72' lang='lat' dir='ltr'><strong>dua-2</strong></span> <span class='ocrx_word' id='word_1_729' title='bbox 1878 4686 2082 4734; x_wconf 86' lang='lat' dir='ltr'><strong>vestrae</strong></span> 
     </span>
    </p>
   </div>
   <div class='ocr_carea' id='block_1_93' title="bbox 483 4759 2076 4836">
    <p class='ocr_par' dir='ltr' id='par_1_93' title="bbox 483 4759 2076 4836">
     <span class='ocr_line' id='line_1_93' title="bbox 483 4759 2076 4836; baseline 0 -15"><span class='ocrx_word' id='word_1_730' title='bbox 483 4763 826 4836; x_wconf 87' lang='lat' dir='ltr'><strong>captivitates</strong></span> <span class='ocrx_word' id='word_1_731' title='bbox 857 4760 1109 4834; x_wconf 89' lang='lat' dir='ltr'><strong>intelligi,</strong></span> <span class='ocrx_word' id='word_1_732' title='bbox 1141 4759 1438 4832; x_wconf 86' lang='lat' dir='ltr'><strong>Babylonis</strong></span> <span class='ocrx_word' id='word_1_733' title='bbox 1467 4761 1726 4819; x_wconf 89' lang='lat' dir='ltr'><strong>videlicet</strong></span> <span class='ocrx_word' id='word_1_734' title='bbox 1755 4772 1917 4836; x_wconf 90' lang='lat' dir='ltr'><strong>atque</strong></span> <span class='ocrx_word' id='word_1_735' title='bbox 1947 4767 2076 4821; x_wconf 91' lang='lat' dir='ltr'><strong>Titi.</strong></span> 
     </span>
    </p>
   </div>
   <div class='ocr_carea' id='block_1_94' title="bbox 487 4858 2087 4934">
    <p class='ocr_par' dir='ltr' id='par_1_94' title="bbox 487 4858 2087 4934">
     <span class='ocr_line' id='line_1_94' title="bbox 487 4858 2087 4934; baseline -0.001 -16"><span class='ocrx_word' id='word_1_736' title='bbox 487 4862 559 4918; x_wconf 91' lang='lat' dir='ltr'><strong>Et</strong></span> <span class='ocrx_word' id='word_1_737' title='bbox 604 4861 849 4918; x_wconf 87' lang='lat' dir='ltr'><strong>Christus</strong></span> <span class='ocrx_word' id='word_1_738' title='bbox 903 4859 1044 4914; x_wconf 92' lang='lat' dir='ltr'><strong>inter</strong></span> <span class='ocrx_word' id='word_1_739' title='bbox 1090 4858 1201 4915; x_wconf 90' lang='lat' dir='ltr'><strong>duo</strong></span> <span class='ocrx_word' id='word_1_740' title='bbox 1247 4874 1485 4928; x_wconf 88' lang='lat' dir='ltr'><strong>vespera</strong></span> <span class='ocrx_word' id='word_1_741' title='bbox 1533 4860 1689 4926; x_wconf 88' lang='lat' dir='ltr'><strong>obiit,</strong></span> <span class='ocrx_word' id='word_1_742' title='bbox 1726 4861 1850 4933; x_wconf 90' lang='lat' dir='ltr'><strong>quia</strong></span> <span class='ocrx_word' id='word_1_743' title='bbox 1881 4872 1935 4917; x_wconf 91' lang='lat' dir='ltr'><strong>et</strong></span> <span class='ocrx_word' id='word_1_744' title='bbox 1966 4871 2087 4934; x_wconf 89' lang='lat' dir='ltr'><strong>post</strong></span> 
     </span>
    </p>
   </div>
   <div class='ocr_carea' id='block_1_95' title="bbox 487 4947 2090 5024">
    <p class='ocr_par' dir='ltr' id='par_1_95' title="bbox 487 4947 2090 5024">
     <span class='ocr_line' id='line_1_95' title="bbox 487 4947 2090 5024; baseline -0.001 -16"><span class='ocrx_word' id='word_1_745' title='bbox 487 4950 892 5024; x_wconf 77' lang='lat' dir='ltr'><strong>Babylonicam,</strong></span> <span class='ocrx_word' id='word_1_746' title='bbox 954 4956 1009 5004; x_wconf 90' lang='lat' dir='ltr'><strong>et</strong></span> <span class='ocrx_word' id='word_1_747' title='bbox 1063 4955 1188 5003; x_wconf 88' lang='lat' dir='ltr'><strong>ante</strong></span> <span class='ocrx_word' id='word_1_748' title='bbox 1247 4947 1618 5018; x_wconf 86' lang='lat' dir='ltr'><strong>captivitatem</strong></span> <span class='ocrx_word' id='word_1_749' title='bbox 1677 4950 1800 5006; x_wconf 90' lang='lat' dir='ltr'><strong>Titi.</strong></span> <span class='ocrx_word' id='word_1_750' title='bbox 1851 4953 1985 5006; x_wconf 90' lang='lat' dir='ltr'><strong>Nam</strong></span> <span class='ocrx_word' id='word_1_751' title='bbox 2036 4961 2090 5007; x_wconf 90' lang='lat' dir='ltr'><strong>et</strong></span> 
     </span>
    </p>
   </div>
   <div class='ocr_carea' id='block_1_96' title="bbox 489 5035 2092 5113">
    <p class='ocr_par' dir='ltr' id='par_1_96' title="bbox 489 5035 2092 5113">
     <span class='ocr_line' id='line_1_96' title="bbox 489 5035 2092 5113; baseline -0.001 -17"><span class='ocrx_word' id='word_1_752' title='bbox 489 5040 635 5113; x_wconf 90' lang='lat' dir='ltr'><strong>quod</strong></span> <span class='ocrx_word' id='word_1_753' title='bbox 663 5037 891 5111; x_wconf 85' lang='lat' dir='ltr'><strong>sanguis</strong></span> <span class='ocrx_word' id='word_1_754' title='bbox 917 5035 1045 5110; x_wconf 89' lang='lat' dir='ltr'><strong>agni</strong></span> <span class='ocrx_word' id='word_1_755' title='bbox 1076 5051 1242 5107; x_wconf 89' lang='lat' dir='ltr'><strong>super</strong></span> <span class='ocrx_word' id='word_1_756' title='bbox 1270 5043 1563 5107; x_wconf 89' lang='lat' dir='ltr'><strong>utrumque</strong></span> <span class='ocrx_word' id='word_1_757' title='bbox 1593 5046 1810 5108; x_wconf 87' lang='lat' dir='ltr'><strong>postem</strong></span> <span class='ocrx_word' id='word_1_758' title='bbox 1843 5048 1896 5096; x_wconf 89' lang='lat' dir='ltr'><strong>et</strong></span> <span class='ocrx_word' id='word_1_759' title='bbox 1926 5057 2092 5111; x_wconf 87' lang='lat' dir='ltr'><strong>super</strong></span> 
     </span>
    </p>
   </div>
   <div class='ocr_carea' id='block_1_97' title="bbox 486 5124 2090 5200">
    <p class='ocr_par' dir='ltr' id='par_1_97' title="bbox 486 5124 2090 5200">
     <span class='ocr_line' id='line_1_97' title="bbox 486 5124 2090 5200; baseline -0.001 -16"><span class='ocrx_word' id='word_1_760' title='bbox 486 5128 764 5185; x_wconf 85' lang='lat' dir='ltr'><strong>liminaria</strong></span> <span class='ocrx_word' id='word_1_761' title='bbox 791 5127 1081 5184; x_wconf 92' lang='lat' dir='ltr'><strong>domorum</strong></span> <span class='ocrx_word' id='word_1_762' title='bbox 1125 5124 1182 5179; x_wconf 90' lang='lat' dir='ltr'><strong>in</strong></span> <span class='ocrx_word' id='word_1_763' title='bbox 1217 5125 1454 5198; x_wconf 89' lang='lat' dir='ltr'><strong>signum,</strong></span> <span class='ocrx_word' id='word_1_764' title='bbox 1509 5126 1716 5182; x_wconf 88' lang='lat' dir='ltr'><strong>scilicet</strong></span> <span class='ocrx_word' id='word_1_765' title='bbox 1745 5127 1922 5184; x_wconf 90' lang='lat' dir='ltr'><strong>crucis</strong></span> <span class='ocrx_word' id='word_1_766' title='bbox 1963 5129 2090 5200; x_wconf 90' lang='lat' dir='ltr'><strong>poni</strong></span> 
     </span>
    </p>
   </div>
   <div class='ocr_carea' id='block_1_98' title="bbox 492 5221 2090 5300">
    <p class='ocr_par' dir='ltr' id='par_1_98' title="bbox 492 5221 2090 5300">
     <span class='ocr_line' id='line_1_98' title="bbox 492 5221 2090 5300; baseline -0.003 -15"><span class='ocrx_word' id='word_1_767' title='bbox 492 5234 799 5300; x_wconf 70' lang='lat' dir='ltr'><strong>praaceptus</strong></span> <span class='ocrx_word' id='word_1_768' title='bbox 858 5232 961 5290; x_wconf 90' lang='lat' dir='ltr'><strong>est,</strong></span> <span class='ocrx_word' id='word_1_769' title='bbox 1021 5221 1352 5295; x_wconf 87' lang='lat' dir='ltr'><strong>sanguinem</strong></span> <span class='ocrx_word' id='word_1_770' title='bbox 1407 5223 1714 5297; x_wconf 82' lang='lat' dir='ltr'><strong>designavit</strong></span> <span class='ocrx_word' id='word_1_771' title='bbox 1769 5225 1968 5282; x_wconf 89' lang='lat' dir='ltr'><strong>Christi</strong></span> <span class='ocrx_word' id='word_1_772' title='bbox 1999 5227 2090 5298; x_wconf 94' lang='lat' dir='ltr'><strong>qui</strong></span> 
     </span>
    </p>
   </div>
   <div class='ocr_carea' id='block_1_99' title="bbox 491 5320 2092 5398">
    <p class='ocr_par' dir='ltr' id='par_1_99' title="bbox 491 5320 2092 5398">
     <span class='ocr_line' id='line_1_99' title="bbox 491 5320 2092 5398; baseline -0.002 -16"><span class='ocrx_word' id='word_1_773' title='bbox 491 5341 657 5398; x_wconf 87' lang='lat' dir='ltr'><strong>super</strong></span> <span class='ocrx_word' id='word_1_774' title='bbox 685 5339 908 5381; x_wconf 87' lang='lat' dir='ltr'><strong>crucem</strong></span> <span class='ocrx_word' id='word_1_775' title='bbox 960 5321 1167 5376; x_wconf 84' lang='lat' dir='ltr'><strong>etlusus</strong></span> <span class='ocrx_word' id='word_1_776' title='bbox 1199 5328 1301 5377; x_wconf 89' lang='lat' dir='ltr'><strong>est.</strong></span> <span class='ocrx_word' id='word_1_777' title='bbox 1361 5320 1430 5376; x_wconf 89' lang='lat' dir='ltr'><strong>Et</strong></span> <span class='ocrx_word' id='word_1_778' title='bbox 1477 5321 1617 5378; x_wconf 90' lang='lat' dir='ltr'><strong>sicut</strong></span> <span class='ocrx_word' id='word_1_779' title='bbox 1669 5324 1894 5397; x_wconf 88' lang='lat' dir='ltr'><strong>sanguis</strong></span> <span class='ocrx_word' id='word_1_780' title='bbox 1949 5324 2092 5379; x_wconf 90' lang='lat' dir='ltr'><strong>illius</strong></span> 
     </span>
    </p>
   </div>
   <div class='ocr_carea' id='block_1_100' title="bbox 496 5417 2092 5496">
    <p class='ocr_par' dir='ltr' id='par_1_100' title="bbox 496 5417 2092 5496">
     <span class='ocr_line' id='line_1_100' title="bbox 496 5417 2092 5496; baseline 0 -19"><span class='ocrx_word' id='word_1_781' title='bbox 496 5421 650 5496; x_wconf 88' lang='lat' dir='ltr'><strong>agni,</strong></span> <span class='ocrx_word' id='word_1_782' title='bbox 681 5429 740 5476; x_wconf 92' lang='lat' dir='ltr'><strong>ut</strong></span> <span class='ocrx_word' id='word_1_783' title='bbox 768 5419 1023 5484; x_wconf 81' lang='lat' dir='ltr'><strong>diximus,</strong></span> <span class='ocrx_word' id='word_1_784' title='bbox 1047 5417 1118 5473; x_wconf 91' lang='lat' dir='ltr'><strong>de</strong></span> <span class='ocrx_word' id='word_1_785' title='bbox 1149 5425 1326 5474; x_wconf 90' lang='lat' dir='ltr'><strong>morte</strong></span> <span class='ocrx_word' id='word_1_786' title='bbox 1355 5418 1607 5486; x_wconf 89' lang='lat' dir='ltr'><strong>corporis</strong></span> <span class='ocrx_word' id='word_1_787' title='bbox 1636 5421 1924 5476; x_wconf 89' lang='lat' dir='ltr'><strong>custodivit</strong></span> <span class='ocrx_word' id='word_1_788' title='bbox 1952 5421 2092 5477; x_wconf 85' lang='lat' dir='ltr'><strong>fide-</strong></span> 
     </span>
    </p>
   </div>
   <div class='ocr_carea' id='block_1_101' title="bbox 488 5504 2090 5578">
    <p class='ocr_par' dir='ltr' id='par_1_101' title="bbox 488 5504 2090 5578">
     <span class='ocr_line' id='line_1_101' title="bbox 488 5504 2090 5578; baseline -0.002 -10"><span class='ocrx_word' id='word_1_789' title='bbox 488 5512 574 5568; x_wconf 89' lang='lat' dir='ltr'><strong>les</strong></span> <span class='ocrx_word' id='word_1_790' title='bbox 603 5509 842 5578; x_wconf 90' lang='lat' dir='ltr'><strong>Domini,</strong></span> <span class='ocrx_word' id='word_1_791' title='bbox 901 5508 978 5563; x_wconf 90' lang='lat' dir='ltr'><strong>ita</strong></span> <span class='ocrx_word' id='word_1_792' title='bbox 1031 5514 1084 5562; x_wconf 90' lang='lat' dir='ltr'><strong>et</strong></span> <span class='ocrx_word' id='word_1_793' title='bbox 1112 5504 1302 5562; x_wconf 82' lang='lat' dir='ltr'><strong>ﬁdeles</strong></span> <span class='ocrx_word' id='word_1_794' title='bbox 1351 5523 1481 5563; x_wconf 88' lang='lat' dir='ltr'><strong>suos</strong></span> <span class='ocrx_word' id='word_1_795' title='bbox 1519 5508 1591 5564; x_wconf 90' lang='lat' dir='ltr'><strong>de</strong></span> <span class='ocrx_word' id='word_1_796' title='bbox 1630 5508 1850 5564; x_wconf 88' lang='lat' dir='ltr'><strong>interitu</strong></span> <span class='ocrx_word' id='word_1_797' title='bbox 1877 5509 2090 5576; x_wconf 68' lang='lat' dir='ltr'><strong>animae,</strong></span> 
     </span>
    </p>
   </div>
   <div class='ocr_carea' id='block_1_102' title="bbox 493 5603 2091 5682">
    <p class='ocr_par' dir='ltr' id='par_1_102' title="bbox 493 5603 2091 5682">
     <span class='ocr_line' id='line_1_102' title="bbox 493 5603 2091 5682; baseline -0.002 -18"><span class='ocrx_word' id='word_1_798' title='bbox 493 5606 717 5682; x_wconf 86' lang='lat' dir='ltr'><strong>sanguis</strong></span> <span class='ocrx_word' id='word_1_799' title='bbox 746 5604 979 5662; x_wconf 89' lang='lat' dir='ltr'><strong>redemit</strong></span> <span class='ocrx_word' id='word_1_800' title='bbox 1004 5603 1135 5660; x_wconf 78' lang='lat' dir='ltr'><strong>Jesu</strong></span> <span class='ocrx_word' id='word_1_801' title='bbox 1165 5603 1366 5659; x_wconf 88' lang='lat' dir='ltr'><strong>Christi</strong></span> <span class='ocrx_word' id='word_1_802' title='bbox 1399 5607 1601 5677; x_wconf 84' lang='lat' dir='ltr'><strong>(Apoc.</strong></span> <span class='ocrx_word' id='word_1_803' title='bbox 1645 5613 1711 5674; x_wconf 87' lang='grc' dir='ltr'><strong>ι).</strong></span> <span class='ocrx_word' id='word_1_804' title='bbox 1753 5606 1903 5664; x_wconf 91' lang='lat' dir='ltr'><strong>Sicut</strong></span> <span class='ocrx_word' id='word_1_805' title='bbox 1933 5607 2091 5662; x_wconf 85' lang='lat' dir='ltr'><strong>etiam</strong></span> 
     </span>
    </p>
   </div>
   <div class='ocr_carea' id='block_1_103' title="bbox 492 5702 2097 5780">
    <p class='ocr_par' dir='ltr' id='par_1_103' title="bbox 492 5702 2097 5780">
     <span class='ocr_line' id='line_1_103' title="bbox 492 5702 2097 5780; baseline 0 -18"><span class='ocrx_word' id='word_1_806' title='bbox 492 5705 719 5780; x_wconf 87' lang='lat' dir='ltr'><strong>sanguis</strong></span> <span class='ocrx_word' id='word_1_807' title='bbox 747 5703 837 5758; x_wconf 91' lang='lat' dir='ltr'><strong>ille</strong></span> <span class='ocrx_word' id='word_1_808' title='bbox 857 5702 1079 5758; x_wconf 90' lang='lat' dir='ltr'><strong>domum</strong></span> <span class='ocrx_word' id='word_1_809' title='bbox 1102 5702 1322 5769; x_wconf 87' lang='lat' dir='ltr'><strong>nullam,</strong></span> <span class='ocrx_word' id='word_1_810' title='bbox 1347 5704 1451 5759; x_wconf 83' lang='lat' dir='ltr'><strong>nisi</strong></span> <span class='ocrx_word' id='word_1_811' title='bbox 1474 5704 1598 5760; x_wconf 89' lang='lat' dir='ltr'><strong>illas</strong></span> <span class='ocrx_word' id='word_1_812' title='bbox 1621 5703 1676 5760; x_wconf 91' lang='lat' dir='ltr'><strong>in</strong></span> <span class='ocrx_word' id='word_1_813' title='bbox 1699 5705 1897 5778; x_wconf 87' lang='lat' dir='ltr'><strong>quibus</strong></span> <span class='ocrx_word' id='word_1_814' title='bbox 1915 5721 2097 5762; x_wconf 85' lang='lat' dir='ltr'><strong>come-</strong></span> 
     </span>
    </p>
   </div>
   <div class='ocr_carea' id='block_1_104' title="bbox 495 5798 2094 5866">
    <p class='ocr_par' dir='ltr' id='par_1_104' title="bbox 495 5798 2094 5866">
     <span class='ocr_line' id='line_1_104' title="bbox 495 5798 2094 5866; baseline -0.001 -7"><span class='ocrx_word' id='word_1_815' title='bbox 495 5803 728 5859; x_wconf 82' lang='lat' dir='ltr'><strong>dabatur</strong></span> <span class='ocrx_word' id='word_1_816' title='bbox 805 5798 1182 5866; x_wconf 86' lang='lat' dir='ltr'><strong>conservarit,</strong></span> <span class='ocrx_word' id='word_1_817' title='bbox 1253 5799 1398 5856; x_wconf 90' lang='lat' dir='ltr'><strong>unde</strong></span> <span class='ocrx_word' id='word_1_818' title='bbox 1463 5809 1518 5856; x_wconf 92' lang='lat' dir='ltr'><strong>et</strong></span> <span class='ocrx_word' id='word_1_819' title='bbox 1581 5801 1638 5855; x_wconf 91' lang='lat' dir='ltr'><strong>in</strong></span> <span class='ocrx_word' id='word_1_820' title='bbox 1717 5803 1822 5857; x_wconf 88' lang='lat' dir='ltr'><strong>illis</strong></span> <span class='ocrx_word' id='word_1_821' title='bbox 1887 5811 2094 5858; x_wconf 91' lang='lat' dir='ltr'><strong>tantum</strong></span> 
     </span>
    </p>
   </div>
   <div class='ocr_carea' id='block_1_105' title="bbox 494 5893 2095 5970">
    <p class='ocr_par' dir='ltr' id='par_1_105' title="bbox 494 5893 2095 5970">
     <span class='ocr_line' id='line_1_105' title="bbox 494 5893 2095 5970; baseline -0.002 -14"><span class='ocrx_word' id='word_1_822' title='bbox 494 5903 794 5970; x_wconf 68' lang='lat' dir='ltr'><strong>praeceptus</strong></span> <span class='ocrx_word' id='word_1_823' title='bbox 818 5903 897 5951; x_wconf 78' lang='lat' dir='ltr'><strong>est</strong></span> <span class='ocrx_word' id='word_1_824' title='bbox 965 5893 1081 5956; x_wconf 85' lang='lat' dir='ltr'><strong>oni,</strong></span> <span class='ocrx_word' id='word_1_825' title='bbox 1111 5894 1190 5952; x_wconf 85' lang='lat' dir='ltr'><strong>ita</strong></span> <span class='ocrx_word' id='word_1_826' title='bbox 1217 5901 1270 5953; x_wconf 87' lang='lat' dir='ltr'><strong>et</strong></span> <span class='ocrx_word' id='word_1_827' title='bbox 1315 5896 1544 5970; x_wconf 83' lang='lat' dir='ltr'><strong>sanguis</strong></span> <span class='ocrx_word' id='word_1_828' title='bbox 1574 5897 1773 5954; x_wconf 88' lang='lat' dir='ltr'><strong>Christi</strong></span> <span class='ocrx_word' id='word_1_829' title='bbox 1805 5899 1900 5970; x_wconf 91' lang='lat' dir='ltr'><strong>qui</strong></span> <span class='ocrx_word' id='word_1_830' title='bbox 1931 5915 2095 5970; x_wconf 86' lang='lat' dir='ltr'><strong>super</strong></span> 
     </span>
    </p>
   </div>
   <div class='ocr_carea' id='block_1_106' title="bbox 2194 4661 3778 4751">
    <p class='ocr_par' dir='ltr' id='par_1_106' title="bbox 2194 4661 3778 4751">
     <span class='ocr_line' id='line_1_106' title="bbox 2194 4661 3778 4751; baseline -0.012 -15"><span class='ocrx_word' id='word_1_831' title='bbox 2194 4697 2319 4736; x_wconf 89' lang='lat' dir='ltr'><strong>mus</strong></span> <span class='ocrx_word' id='word_1_832' title='bbox 2347 4695 2445 4751; x_wconf 90' lang='lat' dir='ltr'><strong>pro</strong></span> <span class='ocrx_word' id='word_1_833' title='bbox 2475 4678 2564 4733; x_wconf 90' lang='lat' dir='ltr'><strong>die</strong></span> <span class='ocrx_word' id='word_1_834' title='bbox 2585 4673 2904 4732; x_wconf 87' lang='lat' dir='ltr'><strong>salvationis</strong></span> <span class='ocrx_word' id='word_1_835' title='bbox 2932 4686 3254 4742; x_wconf 89' lang='lat' dir='ltr'><strong>corporum.</strong></span> <span class='ocrx_word' id='word_1_836' title='bbox 3292 4669 3428 4723; x_wconf 87' lang='lat' dir='ltr'><strong>Nam</strong></span> <span class='ocrx_word' id='word_1_837' title='bbox 3451 4673 3503 4721; x_wconf 92' lang='lat' dir='ltr'><strong>et</strong></span> <span class='ocrx_word' id='word_1_838' title='bbox 3531 4661 3778 4720; x_wconf 88' lang='lat' dir='ltr'><strong>veniente</strong></span> 
     </span>
    </p>
   </div>
   <div class='ocr_carea' id='block_1_107' title="bbox 2195 4758 3776 4844">
    <p class='ocr_par' dir='ltr' id='par_1_107' title="bbox 2195 4758 3776 4844">
     <span class='ocr_line' id='line_1_107' title="bbox 2195 4758 3776 4844; baseline -0.013 -12"><span class='ocrx_word' id='word_1_839' title='bbox 2195 4777 2401 4844; x_wconf 86' lang='lat' dir='ltr'><strong>majore</strong></span> <span class='ocrx_word' id='word_1_840' title='bbox 2443 4773 2646 4839; x_wconf 69' lang='lat' dir='ltr'><strong>laetitia,</strong></span> <span class='ocrx_word' id='word_1_841' title='bbox 2698 4771 2874 4826; x_wconf 91' lang='lat' dir='ltr'><strong>minor</strong></span> <span class='ocrx_word' id='word_1_842' title='bbox 2915 4769 3138 4833; x_wconf 89' lang='lat' dir='ltr'><strong>recedit,</strong></span> <span class='ocrx_word' id='word_1_843' title='bbox 3173 4775 3226 4822; x_wconf 92' lang='lat' dir='ltr'><strong>et</strong></span> <span class='ocrx_word' id='word_1_844' title='bbox 3254 4765 3462 4818; x_wconf 89' lang='lat' dir='ltr'><strong>oriente</strong></span> <span class='ocrx_word' id='word_1_845' title='bbox 3493 4761 3608 4816; x_wconf 91' lang='lat' dir='ltr'><strong>sole</strong></span> <span class='ocrx_word' id='word_1_846' title='bbox 3654 4758 3776 4813; x_wconf 87' lang='lat' dir='ltr'><strong>stel-</strong></span> 
     </span>
    </p>
   </div>
   <div class='ocr_carea' id='block_1_108' title="bbox 2199 4847 3778 4932">
    <p class='ocr_par' dir='ltr' id='par_1_108' title="bbox 2199 4847 3778 4932">
     <span class='ocr_line' id='line_1_108' title="bbox 2199 4847 3778 4932; baseline -0.012 -11"><span class='ocrx_word' id='word_1_847' title='bbox 2199 4865 2373 4921; x_wconf 88' lang='lat' dir='ltr'><strong>larum</strong></span> <span class='ocrx_word' id='word_1_848' title='bbox 2431 4863 2652 4918; x_wconf 68' lang='lat' dir='ltr'><strong>claritas</strong></span> <span class='ocrx_word' id='word_1_849' title='bbox 2709 4859 2944 4932; x_wconf 87' lang='lat' dir='ltr'><strong>aufugit.</strong></span> <span class='ocrx_word' id='word_1_850' title='bbox 3013 4857 3118 4913; x_wconf 90' lang='lat' dir='ltr'><strong>Sed</strong></span> <span class='ocrx_word' id='word_1_851' title='bbox 3151 4863 3204 4910; x_wconf 89' lang='lat' dir='ltr'><strong>et</strong></span> <span class='ocrx_word' id='word_1_852' title='bbox 3244 4851 3559 4908; x_wconf 81' lang='lat' dir='ltr'><strong>memoriam</strong></span> <span class='ocrx_word' id='word_1_853' title='bbox 3596 4847 3778 4920; x_wconf 89' lang='lat' dir='ltr'><strong>prioris</strong></span> 
     </span>
    </p>
   </div>
   <div class='ocr_carea' id='block_1_109' title="bbox 2199 4937 3780 5019">
    <p class='ocr_par' dir='ltr' id='par_1_109' title="bbox 2199 4937 3780 5019">
     <span class='ocr_line' id='line_1_109' title="bbox 2199 4937 3780 5019; baseline -0.014 -9"><span class='ocrx_word' id='word_1_854' title='bbox 2199 4955 2464 5010; x_wconf 85' lang='lat' dir='ltr'><strong>debemus</strong></span> <span class='ocrx_word' id='word_1_855' title='bbox 2493 4951 2763 5006; x_wconf 90' lang='lat' dir='ltr'><strong>dimittere</strong></span> <span class='ocrx_word' id='word_1_856' title='bbox 2803 4964 2904 5019; x_wconf 90' lang='lat' dir='ltr'><strong>pro</strong></span> <span class='ocrx_word' id='word_1_857' title='bbox 2941 4944 3212 5000; x_wconf 83' lang='lat' dir='ltr'><strong>memoria</strong></span> <span class='ocrx_word' id='word_1_858' title='bbox 3245 4939 3546 5014; x_wconf 88' lang='lat' dir='ltr'><strong>sequentis,</strong></span> <span class='ocrx_word' id='word_1_859' title='bbox 3578 4937 3708 4993; x_wconf 83' lang='lat' dir='ltr'><strong>sicut</strong></span> <span class='ocrx_word' id='word_1_860' title='bbox 3729 4944 3780 4990; x_wconf 92' lang='lat' dir='ltr'><strong>et</strong></span> 
     </span>
    </p>
   </div>
   <div class='ocr_carea' id='block_1_110' title="bbox 2200 5027 3777 5114">
    <p class='ocr_par' dir='ltr' id='par_1_110' title="bbox 2200 5027 3777 5114">
     <span class='ocr_line' id='line_1_110' title="bbox 2200 5027 3777 5114; baseline -0.011 -17"><span class='ocrx_word' id='word_1_861' title='bbox 2200 5060 2298 5114; x_wconf 82' lang='lat' dir='ltr'><strong>per</strong></span> <span class='ocrx_word' id='word_1_862' title='bbox 2327 5041 2621 5098; x_wconf 89' lang='lat' dir='ltr'><strong>.leremiam</strong></span> <span class='ocrx_word' id='word_1_863' title='bbox 2666 5038 2992 5110; x_wconf 84' lang='lat' dir='ltr'><strong>prophetam</strong></span> <span class='ocrx_word' id='word_1_864' title='bbox 3027 5033 3293 5088; x_wconf 87' lang='lat' dir='ltr'><strong>Dominus</strong></span> <span class='ocrx_word' id='word_1_865' title='bbox 3335 5027 3580 5101; x_wconf 89' lang='lat' dir='ltr'><strong>promisit</strong></span> <span class='ocrx_word' id='word_1_866' title='bbox 3611 5041 3623 5081; x_wconf 91' lang='lat'><strong>:</strong></span> <span class='ocrx_word' id='word_1_867' title='bbox 3653 5027 3777 5081; x_wconf 79' lang='lat' dir='ltr'><strong>Ecce</strong></span> 
     </span>
    </p>
   </div>
   <div class='ocr_carea' id='block_1_111' title="bbox 2200 5116 3778 5196">
    <p class='ocr_par' dir='ltr' id='par_1_111' title="bbox 2200 5116 3778 5196">
     <span class='ocr_line' id='line_1_111' title="bbox 2200 5116 3778 5196; baseline -0.013 -8"><span class='ocrx_word' id='word_1_868' title='bbox 2200 5134 2316 5188; x_wconf 65' lang='lat' dir='ltr'><strong>dies</strong></span> <span class='ocrx_word' id='word_1_869' title='bbox 2348 5134 2598 5192; x_wconf 81' lang='lat' dir='ltr'><strong>venient.</strong></span> <span class='ocrx_word' id='word_1_870' title='bbox 2637 5127 2826 5196; x_wconf 86' lang='lat' dir='ltr'><strong>inquit,</strong></span> <span class='ocrx_word' id='word_1_871' title='bbox 2849 5127 2989 5180; x_wconf 82' lang='lat' dir='ltr'><strong>dicit</strong></span> <span class='ocrx_word' id='word_1_872' title='bbox 3021 5123 3314 5185; x_wconf 78' lang='lat' dir='ltr'><strong>Dominus,</strong></span> <span class='ocrx_word' id='word_1_873' title='bbox 3338 5124 3394 5176; x_wconf 79' lang='lat' dir='ltr'><strong>et</strong></span> <span class='ocrx_word' id='word_1_874' title='bbox 3427 5135 3541 5174; x_wconf 80' lang='lat' dir='ltr'><strong>non</strong></span> <span class='ocrx_word' id='word_1_875' title='bbox 3575 5116 3778 5171; x_wconf 78' lang='lat' dir='ltr'><strong>dicetur</strong></span> 
     </span>
    </p>
   </div>
   <div class='ocr_carea' id='block_1_112' title="bbox 2201 5202 3775 5292">
    <p class='ocr_par' dir='ltr' id='par_1_112' title="bbox 2201 5202 3775 5292">
     <span class='ocr_line' id='line_1_112' title="bbox 2201 5202 3775 5292; baseline -0.013 -15"><span class='ocrx_word' id='word_1_876' title='bbox 2201 5223 2474 5292; x_wconf 83' lang='lat' dir='ltr'><strong>amplius:</strong></span> <span class='ocrx_word' id='word_1_877' title='bbox 2503 5219 2639 5274; x_wconf 81' lang='lat' dir='ltr'><strong>Vivit</strong></span> <span class='ocrx_word' id='word_1_878' title='bbox 2671 5216 2960 5278; x_wconf 75' lang='lat' dir='ltr'><strong>Dominus,</strong></span> <span class='ocrx_word' id='word_1_879' title='bbox 2984 5212 3077 5285; x_wconf 82' lang='lat' dir='ltr'><strong>qui</strong></span> <span class='ocrx_word' id='word_1_880' title='bbox 3097 5211 3296 5266; x_wconf 72' lang='lat' dir='ltr'><strong>eduxit</strong></span> <span class='ocrx_word' id='word_1_881' title='bbox 3349 5208 3497 5292; x_wconf 80' lang='lat' dir='ltr'><strong>ﬁlios</strong></span> <span class='ocrx_word' id='word_1_882' title='bbox 3529 5203 3697 5292; x_wconf 62' lang='lat' dir='ltr'><strong>Israel</strong></span> <span class='ocrx_word' id='word_1_883' title='bbox 3717 5202 3775 5292; x_wconf 74' lang='lat' dir='ltr'><strong>de</strong></span> 
     </span>
    </p>
   </div>
   <div class='ocr_carea' id='block_1_113' title="bbox 2204 5289 3776 5375">
    <p class='ocr_par' dir='ltr' id='par_1_113' title="bbox 2204 5289 3776 5375">
     <span class='ocr_line' id='line_1_113' title="bbox 2204 5289 3776 5375; baseline -0.013 -14"><span class='ocrx_word' id='word_1_884' title='bbox 2204 5289 2359 5361; x_wconf 71' lang='lat' dir='ltr'><strong>terra</strong></span> <span class='ocrx_word' id='word_1_885' title='bbox 2391 5303 2635 5375; x_wconf 58' lang='lat' dir='ltr'><strong>Egypti,</strong></span> <span class='ocrx_word' id='word_1_886' title='bbox 2678 5299 2808 5355; x_wconf 73' lang='lat' dir='ltr'><strong>sed:</strong></span> <span class='ocrx_word' id='word_1_887' title='bbox 2848 5299 2985 5355; x_wconf 73' lang='lat' dir='ltr'><strong>Vivit</strong></span> <span class='ocrx_word' id='word_1_888' title='bbox 3025 5296 3318 5358; x_wconf 81' lang='lat' dir='ltr'><strong>Dominus,</strong></span> <span class='ocrx_word' id='word_1_889' title='bbox 3365 5291 3462 5364; x_wconf 84' lang='lat' dir='ltr'><strong>qui</strong></span> <span class='ocrx_word' id='word_1_890' title='bbox 3511 5289 3700 5345; x_wconf 77' lang='lat' dir='ltr'><strong>eduxit</strong></span> <span class='ocrx_word' id='word_1_891' title='bbox 3727 5291 3776 5341; x_wconf 74' lang='lat' dir='ltr'><strong>et</strong></span> 
     </span>
    </p>
   </div>
   <div class='ocr_carea' id='block_1_114' title="bbox 2202 5380 3766 5460">
    <p class='ocr_par' dir='ltr' id='par_1_114' title="bbox 2202 5380 3766 5460">
     <span class='ocr_line' id='line_1_114' title="bbox 2202 5380 3766 5460; baseline -0.014 -11"><span class='ocrx_word' id='word_1_892' title='bbox 2202 5393 2446 5449; x_wconf 65' lang='lat' dir='ltr'><strong>adduxit</strong></span> <span class='ocrx_word' id='word_1_893' title='bbox 2476 5392 2623 5460; x_wconf 79' lang='lat' dir='ltr'><strong>ﬁlios</strong></span> <span class='ocrx_word' id='word_1_894' title='bbox 2656 5389 2833 5444; x_wconf 78' lang='lat' dir='ltr'><strong>Israel</strong></span> <span class='ocrx_word' id='word_1_895' title='bbox 2863 5387 2928 5443; x_wconf 79' lang='lat' dir='ltr'><strong>de</strong></span> <span class='ocrx_word' id='word_1_896' title='bbox 2953 5389 3107 5440; x_wconf 81' lang='lat' dir='ltr'><strong>terra</strong></span> <span class='ocrx_word' id='word_1_897' title='bbox 3136 5382 3421 5456; x_wconf 79' lang='lat' dir='ltr'><strong>aquilonis</strong></span> <span class='ocrx_word' id='word_1_898' title='bbox 3459 5380 3599 5446; x_wconf 82' lang='lat' dir='ltr'><strong>(Jer.</strong></span> <span class='ocrx_word' id='word_1_899' title='bbox 3644 5386 3766 5441; x_wconf 75' lang='lat' dir='ltr'><strong>xw).</strong></span> 
     </span>
    </p>
   </div>
   <div class='ocr_carea' id='block_1_115' title="bbox 2275 5494 3776 5566">
    <p class='ocr_par' dir='ltr' id='par_1_115' title="bbox 2275 5494 3776 5566">
     <span class='ocr_line' id='line_1_115' title="bbox 2275 5494 3776 5566; baseline -0.011 0"><span class='ocrx_word' id='word_1_900' title='bbox 2275 5513 2520 5566; x_wconf 74' lang='lat' dir='ltr'><strong>Movses.</strong></span> <span class='ocrx_word' id='word_1_901' title='bbox 2571 5505 2870 5564; x_wconf 88' lang='lat' dir='ltr'><strong>Promissio</strong></span> <span class='ocrx_word' id='word_1_902' title='bbox 2915 5520 3043 5559; x_wconf 89' lang='lat' dir='ltr'><strong>sane</strong></span> <span class='ocrx_word' id='word_1_903' title='bbox 3089 5502 3190 5557; x_wconf 80' lang='lat' dir='ltr'><strong>ista</strong></span> <span class='ocrx_word' id='word_1_904' title='bbox 3227 5499 3439 5557; x_wconf 88' lang='lat' dir='ltr'><strong>Christo</strong></span> <span class='ocrx_word' id='word_1_905' title='bbox 3471 5494 3776 5552; x_wconf 85' lang='lat' dir='ltr'><strong>adveniente</strong></span> 
     </span>
    </p>
   </div>
   <div class='ocr_carea' id='block_1_116' title="bbox 2205 5599 2582 5672">
    <p class='ocr_par' dir='ltr' id='par_1_116' title="bbox 2205 5599 2582 5672">
     <span class='ocr_line' id='line_1_116' title="bbox 2205 5599 2582 5672; baseline -0.016 -15"><span class='ocrx_word' id='word_1_906' title='bbox 2205 5599 2582 5672; x_wconf 85' lang='lat' dir='ltr'><strong>complebitur.</strong></span> 
     </span>
    </p>
   </div>
   <div class='ocr_carea' id='block_1_117' title="bbox 2279 5697 3776 5775">
    <p class='ocr_par' dir='ltr' id='par_1_117' title="bbox 2279 5697 3776 5775">
     <span class='ocr_line' id='line_1_117' title="bbox 2279 5697 3776 5775; baseline -0.012 -9"><span class='ocrx_word' id='word_1_907' title='bbox 2279 5713 2516 5766; x_wconf 72' lang='lat' dir='ltr'><strong>Parare.</strong></span> <span class='ocrx_word' id='word_1_908' title='bbox 2550 5709 2750 5764; x_wconf 78' lang='lat' dir='ltr'><strong>Verum</strong></span> <span class='ocrx_word' id='word_1_909' title='bbox 2784 5713 2867 5760; x_wconf 91' lang='lat' dir='ltr'><strong>est</strong></span> <span class='ocrx_word' id='word_1_910' title='bbox 2895 5703 3040 5775; x_wconf 90' lang='lat' dir='ltr'><strong>quod</strong></span> <span class='ocrx_word' id='word_1_911' title='bbox 3063 5700 3388 5757; x_wconf 88' lang='lat' dir='ltr'><strong>adveniente</strong></span> <span class='ocrx_word' id='word_1_912' title='bbox 3418 5697 3628 5753; x_wconf 89' lang='lat' dir='ltr'><strong>Christo</strong></span> <span class='ocrx_word' id='word_1_913' title='bbox 3654 5709 3776 5750; x_wconf 89' lang='lat' dir='ltr'><strong>com-</strong></span> 
     </span>
    </p>
   </div>
   <div class='ocr_carea' id='block_1_118' title="bbox 2207 5787 3774 5872">
    <p class='ocr_par' dir='ltr' id='par_1_118' title="bbox 2207 5787 3774 5872">
     <span class='ocr_line' id='line_1_118' title="bbox 2207 5787 3774 5872; baseline -0.011 -18"><span class='ocrx_word' id='word_1_914' title='bbox 2207 5800 2342 5872; x_wconf 90' lang='lat' dir='ltr'><strong>pleri</strong></span> <span class='ocrx_word' id='word_1_915' title='bbox 2398 5797 2604 5853; x_wconf 87' lang='lat' dir='ltr'><strong>debuit.</strong></span> <span class='ocrx_word' id='word_1_916' title='bbox 2645 5793 2753 5851; x_wconf 90' lang='lat' dir='ltr'><strong>Sed</strong></span> <span class='ocrx_word' id='word_1_917' title='bbox 2783 5809 2907 5850; x_wconf 91' lang='lat' dir='ltr'><strong>cum</strong></span> <span class='ocrx_word' id='word_1_918' title='bbox 2949 5792 3062 5862; x_wconf 90' lang='lat' dir='ltr'><strong>jam</strong></span> <span class='ocrx_word' id='word_1_919' title='bbox 3103 5790 3319 5846; x_wconf 87' lang='lat' dir='ltr'><strong>venisse</strong></span> <span class='ocrx_word' id='word_1_920' title='bbox 3363 5787 3633 5842; x_wconf 83' lang='lat' dir='ltr'><strong>Christum</strong></span> <span class='ocrx_word' id='word_1_921' title='bbox 3661 5799 3774 5854; x_wconf 80' lang='lat' dir='ltr'><strong>pto-</strong></span> 
     </span>
    </p>
   </div>
   <div class='ocr_carea' id='block_1_119' title="bbox 2209 5883 3773 5964">
    <p class='ocr_par' dir='ltr' id='par_1_119' title="bbox 2209 5883 3773 5964">
     <span class='ocr_line' id='line_1_119' title="bbox 2209 5883 3773 5964; baseline -0.011 -12"><span class='ocrx_word' id='word_1_922' title='bbox 2209 5897 2392 5954; x_wconf 89' lang='lat' dir='ltr'><strong>batum</strong></span> <span class='ocrx_word' id='word_1_923' title='bbox 2423 5893 2513 5964; x_wconf 90' lang='lat' dir='ltr'><strong>sit,</strong></span> <span class='ocrx_word' id='word_1_924' title='bbox 2558 5900 2685 5949; x_wconf 89' lang='lat' dir='ltr'><strong>tunc</strong></span> <span class='ocrx_word' id='word_1_925' title='bbox 2723 5899 2778 5948; x_wconf 87' lang='lat' dir='ltr'><strong>et</strong></span> <span class='ocrx_word' id='word_1_926' title='bbox 2805 5890 3070 5962; x_wconf 87' lang='lat' dir='ltr'><strong>completa</strong></span> <span class='ocrx_word' id='word_1_927' title='bbox 3117 5896 3199 5944; x_wconf 89' lang='lat' dir='ltr'><strong>est</strong></span> <span class='ocrx_word' id='word_1_928' title='bbox 3243 5883 3535 5958; x_wconf 90' lang='lat' dir='ltr'><strong>prophetia</strong></span> <span class='ocrx_word' id='word_1_929' title='bbox 3578 5885 3773 5955; x_wconf 87' lang='lat' dir='ltr'><strong>quando</strong></span> 
     </span>
    </p>
   </div>
  </div>
