3966 6400
238 455 341 504 665
1770 455 1858 510 DL

1983 455 2080 509 Gl.
3473 452 3575 503 666

235 574 407 629 venit.
445 574 588 644 Qum
626 576 717 634 sic
752 578 1109 649 intelligenda
1137 581 1240 641 est,
1274 576 1399 646 quia
1429 576 1663 647 amplius
1695 594 1877 633 recor—
1903 578 1958 637 Α
2061 577 2300 631 Moyses.
2321 574 2416 631 Ille
2445 575 2635 647 procul
2659 573 2953 646 dubio,qui
2983 570 3354 644 paenitentiam
3368 570 3573 627 fecerit.

235 663 353 717 dari
408 680 527 720 non
588 665 903 736 debemus:
938 667 1078 739 (ἰυοά
1134 666 1274 720 ﬁlios
1332 666 1496 720 ῙδτθθῘ
1528 667 1595 721 de
1650 667 1881 739 IESYP'O
2063 674 2298 729 Paravs.
2331 674 2481 743 Ergo
2499 689 2791 744 possumus
2821 672 3110 736 afﬁrmare,
3135 669 3240 724 vim
3259 668 3577 740 expiationis

235 750 425 807 eatuxit
460 753 780 823 Dominus,
814 756 926 810 imo
962 756 1027 810 de
1067 759 1221 809 terra
1269 755 1577 826 aquilonis,
1611 754 1664 808 id
1699 762 1781 809 est
1810 755 1879 809 de
1988 762 2131 816 illius
2169 762 2222 817 in
2253 762 2563 833 paenitentia
2585 777 2692 816 non
2724 762 2775 815 in
2802 760 3013 833 jejunio
3042 766 3313 823 constare,
3346 764 3578 812 testante

236 848 485 914 inferno,
522 865 662 905 cum
701 869 808 923 per
866 851 1173 924 aquilonem
1218 851 1553 923 intelligatur
1608 850 1874 915 diabolus,
1988 850 2145 916 Isaia,
2183 860 2235 905 et
2264 851 2511 905 dicente:
2546 851 2812 922 Nunquid
2834 850 2931 905 hoc
2967 852 3052 904 est
3086 848 3264 918 magis
3287 846 3578 918 jejunium

233 944 390 1013 cujus
425 953 577 999 terra
623 956 686 1002 et
721 948 991 1003 habitatio
1030 954 1111 1002 est
1142 945 1407 1011 infernus,
1430 946 1566 1002 sicut
1596 945 1725 1002 dicit
1762 946 1876 1001 Joel
1985 949 2128 1020 quod
2169 950 2327 1020 elegi.
2361 949 2603 1003 Dissolue
2634 948 3026 1018 eolligationes
3063 944 3396 1017 impietatis,
3430 945 3579 1001 solve

231 1034 513 1104 propheta
551 1052 564 1087 :
596 1037 673 1091 Et
716 1039 812 1110 qui
842 1037 911 1092 ab
941 1037 1204 1108 aquilone
1235 1040 1318 1091 est
1365 1036 1564 1108 procul
1592 1036 1805 1107 faciam
1842 1053 1876 1090 a
1982 1038 2286 1107 fasciculos
2313 1037 2696 1108 deprimente:
2717 1037 2844 1104 (lsa.
2867 1038 3041 1104 Lviu).

232 1131 403 1196 vobis,
426 1136 483 1186 et
500 1135 817 1204 expellam
831 1150 957 1190 eum
973 1135 1033 1188 in
1050 1138 1261 1189 terram
1276 1134 1489 1189 inviam
1503 1132 1872 1198 etdesertam,
2056 1136 2295 1189 Movsas.
2331 1134 2471 1201 Quid
2496 1134 2661 1205 igitur
2691 1134 2835 1189 valet
2866 1132 3127 1202 jejunium
3149 1133 3177 1184 ‘?

230 1222 452 1283 faciem
468 1223 837 1287 eimcontra
856 1223 1401 1285 mareorientale.et
1416 1224 1741 1276 extremum
1755 1222 1875 1292 ejus
2057 1232 2291 1285 Pmuus.
2323 1231 2513 1285 Totius
2545 1238 2627 1284 est
2654 1245 2783 1284 sane
2814 1229 2939 1284 boni
2988 1228 3217 1294 initium,
3242 1226 3386 1300 quod
3424 1233 3477 1282 et
3506 1225 3574 1281 ad

232 1314 307 1369 ad
321 1331 492 1370 mare
508 1316 1441 1385 novissimum,etascendetfetor
1456 1316 1665 1386 ejus,et
1682 1331 1874 1371 ascen-
1982 1335 2181 1390 corpus
2215 1322 2507 1374 humanum
2535 1318 2845 1390 prmcipitur
2871 1316 3259 1373 debilitandum
3291 1323 3344 1371 et
3370 1329 3404 1370 a
3431 1313 3577 1370 vitiis

232 1402 326 1457 det
347 1404 614 1473 putredo
640 1407 788 1476 ejus,
813 1408 946 1477 quia
977 1406 1209 1477 superbe
1238 1405 1349 1473 egit
1372 1404 1530 1467 (Joel.
1552 1410 1637 1461 ιι).
1670 1404 1735 1457 Et
1766 1418 1873 1473 ego
1980 1408 2465 1478 compescendum.

233 1490 464 1560 quidem
498 1507 624 1546 non
657 1508 790 1549 curo
824 1493 1117 1564 explanare
1172 1493 1404 1563 qualiter
1446 1506 1551 1546 non
1584 1491 1858 1562 aquilone:

2054 1507 2286 1559 Movsas.
2321 1505 2629 1560 Secundum
2663 1505 2831 1559 verba
2858 1512 2949 1558 tua
2998 1503 3305 1575 quicunque
3328 1499 3572 1571 quolibet

232 1587 528 1643 diabolum
565 1590 861 1661 possimus
910 1590 1233 1662 intelligere,
1271 1606 1393 1643 nam
1442 1590 1544 1643 hoc
1576 1588 1736 1643 vestri
1772 1589 1875 1643 (10⁹
1981 1594 2069 1648 die
2118 1594 2448 1663 jejunaverit
2499 1594 2659 1647 simul
2718 1602 2771 1648 et
2826 1593 3156 1663 paenituerit,
3221 1597 3569 1661 peccatorum

232 1682 422 1730 ctores
455 1678 608 1731 satis
633 1693 964 1748 exposuere.
989 1679 1251 1732 Praeterea
1280 1686 1458 1732 autem
1480 1677 1754 1748 quomodo
1776 1692 1874 1731 vos
1981 1682 2355 1738 remissionem
2388 1682 2628 1737 habebit.

238 1764 426 1819 Phase
460 1765 777 1821 celebrare
806 1766 1005 1833 dicitis,
1038 1781 1160 1822 cum
1192 1782 1292 1821 nec
1313 1764 1640 1821 sacriﬁcium
1671 1764 1875 1819 faciatis
2053 1780 2294 1832 Ρετηυε,
2330 1778 2523 1832 verum
2555 1785 2655 1832 εει,

235 1867 341 1944 ξθο
369 1853 709 1944 “imminet:
740 1854 1217 1944 sacerdotemgqui
1246 1854 1380 1908 “md
1404 1852 1874 1909 facmmbea‘i‘?
1903 1926 1950 1944 η
2053 1874 2284 1927 Movsas.
2308 1872 2491 1942 Quare
2521 1873 2688 1944 igitur
2718 1874 2863 1929 Deus
2891 1872 3036 1928 diem
3066 1871 3211 1926 illius
3246 1869 3433 1940 jejunii
3464 1885 3567 1924 no-

238 1940 456 1996 Putatis
487 1942 652 1998 enim
674 1943 823 2015 quod
853 1950 1077 2014 propter
1106 1943 1305 1998 herbas
1324 1950 1528 1996 tantum
1546 1949 1600 1996 et
1626 1956 1858 2013 azymos,

1981 1962 2221 2017 minatim
2253 1926 2512 2034 prazcepit
2538 1926 2573 2016 ξ
2595 1964 2742 2027 (Leu.
2775 1964 2957 2033 χχιιι).

236 2045 386 2099 quos
405 2032 757 2087 mandicatis
776 2032 951 2086 Pbase
969 2031 1257 2101 complere
1274 2030 1491 2101 possitis
1511 2029 1689 2099 ‘lQuin
1706 2029 1868 2086 etiam

238 2115 424 2187 ipsum
460 2119 623 2174 diem
659 2121 900 2185 Paschae,
949 2120 1274 2190 quandoque
1303 2118 1668 2185 commutatis,
1698 2126 1753 2173 et
1773 2134 1867 2172 us-

239 2222 349 2275 que
382 2207 438 2260 in
471 2217 809 2279 sequentem
839 2206 1088 2273 differtis,
1109 2208 1240 2279 quia
1272 2208 1403 2262 illud
1433 2223 1536 2263 nec
1564 2207 1652 2261 die
1684 2207 1864 2271 Lunai,

239 2310 345 2349 nec
379 2296 679 2361 Mercurii,
711 2312 817 2351 nec
846 2297 936 2350 die
994 2296 1222 2351 Veneris
1253 2310 1489 2367 unquam
1544 2294 1860 2351 celebratis.

244 2382 411 2449 Quod
445 2385 593 2439 mihi
626 2384 752 2440 volo
782 2384 1053 2439 edisseras
1082 2399 1254 2455 quare
1284 2383 1473 2440 facias.
1644 2388 1651 2395 '

314 2483 579 2537 Movsas.
620 2483 824 2538 Nescio
853 2482 1019 2545 aliud,
1050 2481 1154 2535 nisi
1212 2481 1357 2551 quod
1386 2481 1556 2536 nostri
1613 2481 1869 2537 doctores

246 2578 325 2632 sic
355 2578 782 2634 ordinaverunt
813 2577 959 2643 illud,
992 2586 1044 2632 et
1073 2577 1340 2633 Gamaliel
1370 2593 1481 2648 prie
1509 2577 1787 2633 omnibus.

318 2684 575 2740 PBTBUS.
604 2686 669 2740 Et
699 2683 843 2739 nosti
865 2698 1034 2757 quare
1064 2683 1329 2739 Gamaliel
1357 2682 1485 2739 fecit
1523 2682 1667 2738 istud
1698 2683 1726 2736 ?

320 2780 586 2837 Movsas.
622 2782 745 2837 Non
761 2822 775 2836 .

320 2878 578 2935 Penus.
614 2876 886 2933 Gamaliel
946 2878 1144 2949 quippe
1212 2878 1304 2932 vir
1342 2884 1563 2932 sanctus
1609 2883 1662 2932 et
1692 2875 1867 2931 fidelis

252 2962 351 3019 fuit
384 2967 736 3023 Christianus
759 2967 1009 3035 (Aet.v).
1045 2967 1115 3021 Et
1138 2964 1263 3036 quia
1292 2964 1599 3037 novitquod
1630 2965 1718 3020 die
1748 2965 1866 3036 qui-

256 3053 381 3109 dem
412 3056 592 3111 Luna,-
639 3055 930 3111 consilium
969 3054 1203 3109 inierunt
1254 3053 1444 3120 Judmi,
1473 3069 1580 3125 quo
1619 3054 1864 3108 Christus

255 3150 447 3209 posset
492 3141 877 3211 condemnari,
917 3142 1005 3197 die
1033 3150 1212 3197 autem
1267 3142 1516 3198 Mercurii
1541 3141 1726 3197 datum
1768 3139 1863 3195 fuit

254 3235 655 3297 argumentum
688 3242 792 3297 pro
821 3226 1114 3281 traditione
1144 3225 1362 3290 Christi,
1395 3225 1483 3280 die
1526 3234 1703 3280 autem
1752 3226 1860 3280 Ve-

253 3322 402 3376 neris
445 3322 657 3379 affixus
688 3331 772 3378 est
817 3322 983 3389 cruci,
1018 3323 1164 3393 quia,
1198 3322 1439 3393 inquam,
1472 3323 1574 3378 hoc
1604 3321 1770 3390 novit,
1804 3329 1857 3377 et

250 3406 458 3467 diebus
514 3412 622 3467 illis
651 3411 912 3483 gaudium
941 3411 1162 3482 aliquod
1193 3410 1439 3466 exerceri
1495 3426 1601 3465 non
1658 3409 1851 3475 voluit,

250 3496 374 3554 ideo
402 3500 458 3554 in
498 3499 607 3554 illis
654 3498 923 3556 celebrari
971 3499 1143 3557 Phase
1192 3499 1464 3570 prohibuit
1494 3500 1689 3568 (Exod.
1734 3500 1855 3565 xu),

251 3593 304 3640 et
332 3587 387 3641 in
419 3597 750 3661 sequentem
781 3587 926 3643 diem
954 3587 1174 3643 differre
1219 3588 1498 3658 praecepit.
1532 3589 1646 3643 Hoc
1676 3595 1857 3643 autem

250 3685 540 3732 secretum
572 3676 833 3733 omnibus
864 3675 1111 3731 revelare
1141 3691 1248 3731 non
1275 3675 1466 3731 voluit.

320 3790 584 3849 Movsas.
633 3792 924 3862 Postquam
980 3791 1152 3846 Phase
1187 3789 1532 3845 festivitatem
1564 3790 1856 3856 damnasti,

257 3893 378 3948 quae
406 3888 646 3938 caeteras
674 3894 865 3935 omnes
895 3878 1155 3949 praecedit
1181 3894 1245 3935 ac
1274 3878 1553 3949 prazcellit,
1577 3886 1628 3933 et
1655 3879 1724 3934 de
1754 3892 1861 3949 qua

254 3969 600 4041 pmcipitur,
633 3967 781 4039 quod
834 3967 925 4038 qui
960 3982 1086 4023 eam
1142 3982 1248 4021 non
1288 3967 1477 4022 fecerit
1532 3966 1746 4036 peribit,
1790 3968 1860 4022 de

252 4054 368 4110 aliis
414 4057 731 4112 minoribus
778 4056 975 4111 frustra
1011 4056 1123 4125 jam
1170 4055 1591 4125 disputaremus,
1616 4070 1736 4111 cum
1765 4070 1860 4110 eas

251 4158 449 4213 posses
486 4145 658 4200 multo
686 4144 1055 4201 condemnare
1085 4144 1279 4199 levius.
1315 4145 1393 4199 De
1424 4144 1637 4213 jeujuio
1678 4153 1860 4199 autem

253 4231 457 4289 decimi
492 4234 600 4289 diei
631 4232 835 4287 mensis
858 4232 1078 4303 septimi
1107 4232 1263 4299 (Leo.
1302 4234 1453 4302 χχιιι)
1479 4232 1610 4286 mihi
1641 4231 1860 4303 postulo

254 4329 596 4400 responderi,
630 4333 773 4401 quod
804 4328 875 4383 ad
906 4336 1215 4383 nostrorum
1248 4328 1610 4397 expiationem
1661 4343 1859 4397 pecca-

253 4421 435 4474 torum
467 4418 520 4472 in
553 4425 757 4472 tantum
790 4417 1055 4471 Dominus
1086 4417 1344 4485 praecepit
1383 4415 1680 4483 observari,
1714 4417 1860 4487 quod

256 4519 376 4561 eum
410 4506 507 4577 qui
536 4522 645 4561 non
676 4506 994 4560 observaret
1023 4504 1092 4559 de
1121 4504 1476 4574 generatione
1508 4520 1606 4559 sua
1634 4504 1859 4575 disper-

257 4591 333 4649 ire
361 4594 525 4661 dixit,
556 4602 611 4649 et
638 4593 802 4648 vestri
831 4593 965 4647 illud
995 4600 1421 4663 postposuerunt
1448 4593 1699 4662 apostoli.

328 4709 564 4763 Penus.
599 4705 753 4760 Prius
783 4706 908 4761 volo
957 4713 1014 4759 ut
1043 4705 1112 4759 de
1160 4705 1254 4761 illo
1276 4703 1486 4774 jejunio
1517 4706 1646 4760 mihi
1684 4707 1856 4773 dicas,

259 4804 439 4852 utrum
468 4797 643 4867 ipsum
679 4794 856 4849 solum
886 4793 1046 4848 alicui
1066 4794 1133 4847 ad
1166 4802 1520 4863 peccatorum
1544 4794 1861 4850 destructio-

259 4908 380 4949 nem
444 4893 693 4959 sufficiat,
726 4892 811 4947 vel
867 4907 991 4947 cum
1022 4891 1117 4946 illo
1156 4891 1318 4945 etiam
1364 4891 1683 4962 paenitentia
1735 4894 1858 4964 quis

260 4980 524 5054 indigeat.

326 5082 573 5135 Morsas.
598 5078 745 5134 Sane
782 5077 992 5147 absque
1029 5076 1346 5148 pceuitentia
1392 5093 1501 5132 non
1533 5085 1710 5148 potest
1756 5094 1861 5133 ex-

261 5168 426 5236 piatio
454 5183 579 5224 esse
610 5166 745 5221 ulla.

329 5267 570 5320 Penus.
605 5264 737 5319 Item
779 5278 967 5334 quaero
1011 5277 1043 5316 a
1091 5269 1144 5316 te
1190 5261 1296 5315 vim
1341 5262 1488 5317 illius
1535 5263 1860 5333 expiationis

259 5348 318 5404 in
345 5364 452 5420 quo
483 5363 610 5404 eam
642 5355 917 5411 constare,
952 5346 1036 5401 vel
1066 5346 1118 5399 in
1148 5345 1236 5400 die
1252 5346 1465 5415 jejunii,
1500 5347 1584 5402 vel
1607 5347 1661 5402 in
1690 5349 1862 5417 pugni-

258 5437 417 5493 tentia
439 5436 647 5492 asseris
676 5436 703 5488 ἱ)

326 5536 575 5589 Movsas.
614 5532 672 5586 In
705 5538 954 5599 utroque.

324 5633 570 5685 Parens.
606 5629 741 5682 Item
770 5626 1046 5696 responde
1078 5643 1091 5682 :
1125 5643 1172 5681 ει
1195 5627 1314 5696 quis
1331 5629 1859 5699 prmtermissojeju-

254 5720 338 5776 nio
382 5714 711 5791 paenituerit
756 5722 812 5769 et
857 5715 930 5769 ita
965 5713 1179 5780 obierit,
1206 5715 1344 5770 alius
1386 5729 1519 5771 vero
1550 5717 1858 5787 jejunando

250 5819 344 5875 sed
389 5832 502 5871 non
555 5811 873 5883 pmnitendo
922 5819 1167 5866 mortuus
1218 5811 1468 5868 similiter
1524 5813 1701 5879 fuerit,
1737 5820 1857 5868 uter

247 5935 439 5978 eorum
473 5916 665 5990 potius
693 5913 897 5969 salvari
926 5912 1147 5970 debebit
1173 5915 1201 5970 ‘l

2052 2061 2283 2113 Paraus.
2306 2060 2372 2114 Ut
2401 2058 2454 2113 in
2485 2059 2572 2115 die
2592 2059 2951 2114 determinato
2968 2074 3161 2114 omnes
3189 2055 3563 2121 convenirent,

1977 2166 2030 2214 et
2051 2158 2359 2226 jejunantes
2390 2157 2761 2228 paenitentiam
2790 2164 3045 2227 agerent.

2048 2255 2369 2309 Morsas.Et
2398 2270 2564 2326 quare
2594 2254 2827 2325 apostoli
2854 2255 3019 2309 vestri
3052 2254 3156 2309 hoc
3204 2260 3371 2308 totum
3402 2249 3566 2306 dimi-

1976 2351 2169 2399 serunt
2192 2345 2221 2397 ‘?

2050 2433 2283 2487 Penus.
2316 2431 2452 2500 Quia
2481 2430 2724 2486 Christus
2753 2431 2916 2498 venit,
2948 2440 2999 2487 et
3027 2439 3190 2487 totam
3213 2429 3392 2502 legem
3423 2443 3568 2485 com-

1977 2520 2161 2592 plevit,
2194 2528 2246 2575 et
2276 2519 2600 2591 quadrginta
2628 2520 2745 2574 dies
2770 2520 3035 2589 jejunavit
3066 2518 3284 2589 (Matth.
3310 2534 3363 2572 1v
3390 2535 3405 2582 ;
3429 2518 3561 2572 Luc.

1978 2627 2031 2664 iv
2062 2625 2076 2676 ;
2107 2610 2275 2666 Marc.
2308 2616 2367 2677 ι),
2400 2608 2522 2663 ideo
2549 2608 2778 2680 apostoli
2799 2609 3052 2679 discipuli
3081 2608 3293 2664 scilicet
3320 2606 3404 2661 sui
3433 2620 3566 2677 qua-

1977 2699 2232 2770 draginta
2262 2698 2380 2753 dies
2410 2698 2464 2751 in
2485 2697 2610 2753 loco
2632 2698 2796 2751 unius
2816 2705 3216 2769 praeceperunt,
3241 2696 3368 2767 quia
3390 2693 3566 2766 magis

1975 2786 2120 2843 valet
2145 2787 2413 2855 jejunium
2442 2786 2811 2858 quadraginta
2852 2787 3060 2842 dierum
3107 2801 3271 2857 quam
3301 2784 3479 2847 unius,
3513 2790 3567 2838 et

1974 2874 2293 2947 pmnitentia
2321 2874 2679 2947 quadraginta
2709 2876 2920 2931 dierum
2951 2875 3128 2948 magis
3156 2872 3373 2946 proficit
3404 2887 3562 2945 quam

1972 2972 2153 3030 unius.

2044 3063 2275 3125 Marsus.
2312 3059 2396 3117 De
2422 3061 2645 3130 jejunio,
2667 3062 2800 3118 sicut
2831 3060 3054 3132 placuit,
3078 3057 3431 3131 respondisti.
3456 3056 3563 3114 Sed

1972 3158 2099 3230 quid
2131 3158 2279 3214 dices
2312 3157 2379 3213 de
2419 3158 2699 3215 sacrificiis
2739 3174 2859 3230 qua:
2892 3157 2960 3213 de
2992 3157 3150 3223 bove,
3186 3171 3354 3227 capra
3384 3161 3438 3210 et
3458 3169 3560 3210 ove

1892 3279 1940 3341 Ο
1968 3254 2230 3308 Dominus
2259 3254 2519 3326 praecepit
2548 3253 2683 3323 fieri,
2710 3254 2849 3321 quod
2881 3252 3113 3325 apostoli
3144 3252 3312 3306 vestri
3343 3257 3560 3321 praeter-

1971 3351 2251 3417 miserunt,
2300 3366 2363 3407 ac
2406 3351 2475 3406 de
2518 3367 2655 3423 pane
2702 3359 2907 3407 tantum
2964 3359 3015 3405 et
3061 3349 3186 3406 vino
3234 3346 3556 3404 sacriﬁcium

1967 3438 2083 3495 ﬁcri
2114 3447 2514 3511 praeceperunt.

2039 3546 2277 3600 Paraus.
2308 3545 2505 3600 Omnia
2556 3544 2823 3601 sacriﬁcia
2852 3561 2973 3617 qua:
3004 3544 3061 3599 in
3088 3543 3213 3616 lege
3242 3541 3414 3614 Moysi
3444 3541 3560 3598 fieri

1967 3642 2243 3704 praecepta
2272 3642 2324 3688 et
2353 3634 2601 3689 ordinata
2633 3642 2776 3700 sunt,
2809 3633 2941 3688 nihil
2971 3632 3076 3687 nisi
3105 3631 3275 3704 ﬁgura
3305 3639 3359 3687 et
3388 3630 3559 3702 signi-

1966 3720 2149 3777 ficatio
2174 3721 2425 3779 sacriﬁcii
2455 3723 2716 3794 praecipui
2770 3722 2917 3794 quod
2946 3729 3236 3776 venturum
3294 3727 3411 3777 erat
3439 3719 3557 3774 fue-

1967 3826 2111 3886 runt,
2146 3827 2199 3873 et
2228 3827 2285 3873 ut
2313 3826 2506 3889 gentes
2536 3817 2820 3875 sacrificiis
2850 3834 2909 3873 se
2940 3817 3348 3873 assuefacereut
3376 3824 3429 3871 et
3459 3832 3559 3887 per

1966 3905 2061 3961 illa
2087 3912 2489 3979 agnosceretur
2518 3908 2684 3979 quod,
2722 3907 2863 3963 sicut
2908 3906 3029 3976 ipsa
3076 3904 3560 3961 consuetudinaria

1967 3994 2072 4049 ista
2100 3995 2324 4049 abluunt
2379 4004 2621 4066 peccata,
2654 3996 2725 4050 ita
2755 4011 2857 4066 per
2882 3996 3177 4049 maximum
3234 3991 3558 4048 sacriﬁcium

1967 4091 2258 4146 maximum
2283 4092 2654 4161 possetdeleri
2681 4099 2988 4162 peccatum.
3008 4093 3071 4147 Ut
3088 4100 3268 4146 autem
3291 4091 3555 4152 Christus,

1969 4180 2206 4235 Sanctus
2228 4180 2432 4236 scilicet
2463 4189 2775 4236 sanctorum
2807 4181 2973 4250 (Dan.
2998 4182 3099 4247 ix),
3131 4188 3184 4235 et
3222 4179 3559 4250 praecipuum

1968 4267 2291 4324 sacriﬁcium
2315 4269 2481 4334 venit,
2513 4284 2577 4324 ac
2608 4284 2707 4339 pro
2737 4278 2925 4324 nostra
2955 4267 3330 4341 redemptione
3360 4267 3559 4322 immo-

1968 4364 2105 4419 latus
2134 4364 2247 4431 fuit,
2262 4364 2376 4433 jam
2398 4366 2486 4421 illa
2518 4368 2741 4438 antiqua
2772 4368 2885 4423 fieri
2906 4367 3169 4423 sacrificia
3193 4365 3560 4421 necessarium

1968 4477 2076 4516 non
2107 4461 2226 4516 fuit.
2262 4463 2561 4534 Postquam
2591 4463 2776 4535 itaque
2808 4465 2926 4535 ipse
2958 4464 3209 4519 Christus
3257 4462 3425 4530 venit,
3443 4462 3561 4532 jam

1978 4557 2072 4613 illo
2115 4558 2316 4613 utimur
2362 4560 2653 4627 sacrificio,
2685 4576 2825 4631 pane
2881 4561 3088 4617 scilicet
3130 4570 3180 4615 et
3237 4560 3382 4626 vino,
3416 4559 3562 4630 quod

1889 4634 1939 4692 D
1972 4646 2130 4701 nobis
2159 4646 2483 4701 ordinarunt
2540 4647 2793 4718 apostoli,
2824 4649 2931 4704 imo
2988 4648 3235 4704 Christus
3267 4648 3385 4718 ipse
3412 4647 3562 4702 dedit

1969 4743 2191 4799 (Matth.
2217 4760 2340 4799 xxv:
2375 4760 2387 4810 ;
2423 4749 2588 4801 Marc.
2622 4762 2716 4799 xiv
2748 4760 2761 4813 ;
2798 4745 2935 4800 Luc.
2969 4761 3081 4799 xxu
3113 4760 3127 4813 ;
3161 4746 3326 4801 [σοι’.
3361 4750 3456 4813 χι).
3494 4745 3561 4799 Ει

1969 4833 2071 4887 hoc
2101 4832 2422 4888 sacrificium
2452 4834 2627 4888 simile
2658 4843 2738 4888 est
2768 4832 3043 4889 sacriﬁcio
3071 4834 3148 4887 illi
3180 4833 3324 4905 quod
3358 4832 3412 4887 in
3439 4832 3560 4903 lege

1970 4930 2186 5001 Moyses
2216 4931 2561 5001 praecipiens,
2614 4930 2944 4987 sacrificium
2977 4932 3123 4998 toda,
3158 4931 3209 4985 id
3261 4939 3343 4986 est
3386 4929 3561 4985 laudis

1969 5018 2265 5086 appellavit
2322 5021 2522 5087 (Exod.
2565 5037 2667 5073 xxv
2702 5038 2715 5085 ;
2768 5022 2895 5075 Leo.
2954 5037 3011 5084 ιι,
3046 5036 3138 5088 vu,
3173 5035 3300 5074 xxiv
3334 5034 3347 5088 ;
3380 5020 3552 5075 Num.

1970 5112 2176 5171 xxvut),
2209 5115 2260 5161 et
2317 5108 2461 5176 quod
2493 5110 2560 5163 de
2618 5124 2759 5178 pane
2789 5116 2998 5162 tantum
3053 5118 3105 5163 et
3137 5108 3259 5163 vino
3315 5106 3369 5161 in
3400 5107 3562 5175 hujus

1968 5195 2141 5249 nostri
2170 5194 2403 5266 ﬁguram
2438 5198 2722 5268 praecepit.
2782 5197 2941 5265 Quod
2968 5205 3019 5252 et
3073 5196 3245 5250 David
3276 5203 3562 5251 venturum

1971 5298 2093 5337 esse
2128 5298 2501 5353 praenoscens,
2534 5294 2586 5340 et
2615 5301 2730 5356 prae
2760 5285 2852 5341 illo
2879 5294 3071 5340 caetera
3101 5285 3280 5338 omnia
3311 5292 3560 5339 contem-

1971 5387 2123 5438 nens,
2159 5371 2327 5442 inquit
2352 5372 2402 5427 in
2425 5375 2636 5443 psalmo
2662 5393 2673 5428 :
2708 5375 2972 5445 Nunquid
2991 5374 3345 5429 mandueabo
3364 5387 3565 5429 carnes

1973 5464 2292 5523 taurorum,
2312 5466 2413 5516 aut
2431 5464 2772 5532 sanguinem
2794 5464 3075 5521 hircorum
3098 5464 3314 5535 potabo.
3332 5462 3565 5518 Immola

1970 5549 2080 5603 Deo
2117 5549 2465 5617 sacrificium
2498 5550 2681 5606 laudis
2723 5552 2882 5613 (Psal
2931 5556 3099 5620 xux).
3141 5552 3244 5606 Per
3286 5551 3390 5607 hoc
3420 5551 3564 5607 enim

1968 5635 2258 5691 insinuavit
2284 5646 2482 5692 caetera
2513 5636 2778 5694 sacrificia
2806 5639 2987 5694 omnia
3026 5656 3153 5694 esse
3192 5639 3564 5710 postponenda

1970 5734 2020 5781 et
2050 5724 2183 5779 illud
2204 5725 2534 5781 sacriﬁcium
2552 5727 2697 5797 quod
2720 5728 2891 5781 laudis
2916 5728 3217 5783 vocabatur
3233 5728 3349 5783 fore
3372 5728 3566 5783 facien-

1967 5822 2118 5877 dum.
2153 5823 2220 5876 Et
2248 5823 2351 5878 hoc
2374 5822 2596 5894 quidem
2617 5823 2945 5879 sacriﬁcium
2964 5834 3234 5892 nostrum,
3249 5825 3428 5881 laudis
3445 5832 3553 5880 est.

1968 5919 2107 5976 Illud
2154 5919 2299 5976 enim
2329 5920 2606 5981 faciendo.
2647 5921 2820 5978 Deum
2859 5921 3149 5977 laudamus
3196 5922 3267 5978 de
3295 5917 3563 5978 beneﬂcio
