3966 6404
385 393 488 447 667

1305 396 1506 452 PETRI
1541 397 1891 455 ALPHONSI
1929 397 2030 455 EX
2065 399 2304 458 ΠΗ)Εο
2343 401 2750 460 CHRISTIANI

3577 409 3681 463 668

383 515 534 588 quod
589 516 746 572 nobis
777 517 926 586 fecit,
983 537 1081 591 per
1112 519 1278 575 filium
1329 538 1484 576 suum
1516 523 1700 578 Jesum
1732 539 1831 579 nos
1861 524 1974 578 sal-
2007 527 2059 586 Α
2162 527 2402 584 Ριετιιυε.
2438 530 2566 584 Haec
2599 546 2793 601 nempe
2823 531 2932 586 duo
2989 529 3114 586 vilia
3142 529 3497 600 immunditia,
3530 533 3685 589 scili-

385 615 588 670 vando.

456 733 698 786 Movscs.
731 733 792 788 Et
822 734 952 804 quid
982 735 1049 789 de
1087 735 1344 791 carnibus
1381 735 1509 801 illis,
1543 735 1717 804 dices,
1762 753 1897 810 quas
1929 745 1985 791 et

389 819 443 874 in
483 821 612 891 lege
668 824 886 894 Moyses
941 825 1258 880 manducari
1320 826 1594 897 prohibuit
1625 827 1774 892 (Leu.
1805 829 1902 895 xx),
1934 833 1987 880 ct

389 908 596 964 Cristus
650 911 810 967 etiam
891 922 1074 968 vester
1157 929 1264 968 non
1324 915 1701 979 manducavit,
1754 914 1988 984 apostoli

389 1005 566 1052 autem
598 1015 706 1054 non
736 1001 912 1056 solum
945 1018 1037 1055 eas
1070 1003 1390 1058 manducari
1421 1018 1527 1058 non
1559 1003 1984 1074 prohibuerunt,

385 1085 494 1142 imo
522 1088 678 1141 etiam
705 1088 806 1156 ipsi
837 1091 1191 1146 comederunt
1219 1091 1247 1145 ?

458 1212 694 1267 l’s'raus.
728 1215 859 1268 Cum
905 1215 1084 1269 omnia
1116 1233 1238 1288 quas
1291 1217 1439 1272 Deus
1473 1215 1600 1271 fecit
1655 1216 1796 1272 bona
1856 1215 1982 1281 sint,

387 1307 618 1356 testante
646 1302 922 1372 Scriptura
949 1313 997 1359 ct
1028 1305 1249 1360 dicente
1271 1325 1282 1360 :
1301 1306 1444 1372 Quia
1459 1307 1598 1361 vidit
1616 1307 1762 1361 Deus
1777 1309 1988 1360 cuncta

388 1405 508 1460 quia
537 1392 772 1459 fecerat,
793 1396 848 1446 et
879 1397 1046 1446 erant
1071 1394 1230 1448 valde
1253 1394 1394 1449 bona
1416 1395 1574 1463 (Gen.
1596 1396 1655 1463 ι).
1691 1395 1757 1448 Et
1785 1395 1903 1448 Noe
1923 1409 1987 1450 ac

389 1475 512 1531 filiis
540 1479 658 1546 ejus
684 1479 826 1534 dicat
857 1481 1032 1536 Deus:
1077 1483 1250 1538 Omne
1281 1483 1423 1555 quod
1453 1486 1708 1538 movetur
1738 1486 1793 1537 et
1823 1483 1984 1549 vivit,

387 1576 496 1630 erit
515 1576 659 1632 vobis
679 1577 740 1631 in
754 1576 964 1643 cibum,
989 1580 1150 1650 quasi
1168 1581 1322 1635 olera
1341 1581 1586 1635 virentia
1605 1578 1821 1634 tradidi
1841 1579 1986 1634 vobis

385 1665 577 1719 omnia
607 1665 764 1732 (Gen.
792 1669 888 1736 ix),
915 1681 1035 1721 cum
1069 1675 1120 1722 et
1151 1669 1426 1723 Abraham
1450 1676 1502 1723 et
1533 1669 1688 1723 Isaac
1709 1675 1764 1722 et
1785 1666 1982 1738 reliqui

385 1751 732 1822 patriarchae,
767 1755 949 1808 omnia
984 1772 1104 1826 quae
1159 1755 1410 1811 volebant
1440 1756 1778 1812 comederint
1808 1771 1983 1824 usque

388 1839 456 1894 ad
486 1841 729 1911 Moysen,
765 1850 818 1897 ct
859 1845 1075 1914 Moyses
1103 1843 1270 1900 etiam
1325 1853 1614 1916 antequam
1644 1845 1982 1914 suscepisset

384 1927 587 2000 legem,
611 1945 710 1984 cur
739 1947 876 2002 ergo
908 1931 962 1985 in
994 1931 1119 2005 lege
1150 1933 1434 2003 prohibita:
1451 1943 1577 1988 sunt
1597 1948 1794 1989 carnes
1823 1949 1983 1987 man-

383 2024 577 2082 ducari
605 2027 634 2080 ἱ)

454 2143 687 2196 Movses.
712 2142 975 2212 Quoniam
997 2145 1046 2198 in
1065 2145 1253 2200 mundi
1267 2147 1498 2201 exordio
1516 2145 1670 2217 quasi
1697 2145 1983 2200 sil"estres

387 2237 540 2284 erant
588 2232 766 2286 adhuc
822 2234 1072 2288 homines
1117 2243 1170 2289 et
1220 2235 1498 2299 bcstiales,
1522 2235 1832 2289 nullatenus
1873 2242 1983 2288 tam

385 2317 492 2372 cito
522 2329 747 2389 possent
802 2321 1086 2377 admoneri
1143 2323 1214 2378 ab
1268 2324 1636 2378 obediendum
1695 2323 1988 2393 przeceptis

389 2406 512 2462 Dei.
551 2407 712 2476 Quod
757 2410 856 2465 Dei
906 2411 1250 2481 comperiens
1306 2411 1590 2482 sapientia,
1638 2427 1986 2482 nequaquam

385 2494 547 2549 simul
573 2497 759 2552 omnia
788 2499 869 2552 eis
900 2499 1068 2554 voluit
1095 2500 1231 2554 dare
1263 2508 1556 2570 praecepta,
1593 2500 1704 2555 imo
1727 2500 1984 2570 paulatim

387 2599 555 2638 unum
586 2586 736 2640 dedit
767 2588 922 2654 Atla),
957 2588 1216 2643 videlicet
1255 2605 1324 2644 nc
1353 2589 1422 2644 de
1453 2589 1629 2644 fructu
1672 2606 1834 2659 quem
1861 2603 1986 2658 pro-

389 2671 642 2726 hibuerat
672 2685 1028 2744 praesumeret
1056 2678 1344 2732 comedere
1375 2679 1542 2744 (Gen.
1569 2681 1650 2746 ιι),
1675 2677 1824 2731 aliud
1855 2693 1988 2732 vero

389 2760 529 2825 Noe,
549 2763 756 2818 scilicet
773 2778 994 2819 carnem
1009 2781 1133 2820 cum
1155 2767 1421 2837 sanguine
1438 2783 1544 2821 non
1569 2767 1916 2833 manducare,
1933 2774 1989 2820 et

393 2849 747 2906 homicidium
769 2869 874 2907 non
896 2864 1214 2925 perpetrare
1245 2855 1516 2924 (Genu),
1538 2853 1994 2911 saeriticiaautem

392 2947 443 2992 et
465 2938 933 2996 circumcisiouem
954 2945 1219 3013 praecepit
1240 2945 1475 2998 Abrahze
1493 2947 1655 3011 (Gen.
1676 2950 1826 3013 xvu).
1849 2945 1988 2998 Cum

391 3035 568 3082 autem
601 3031 816 3100 Moyses
839 3031 1006 3098 venit,
1033 3041 1088 3086 et
1111 3034 1257 3088 Deus
1294 3032 1435 3088 filios
1467 3033 1636 3088 Israel
1667 3049 1852 3088 secum
1883 3033 1986 3086 ad-

385 3115 641 3186 jungere,
657 3120 800 3174 etab
823 3119 943 3174 aliis
965 3121 1219 3192 gentibus
1245 3121 1564 3176 discernere
1578 3121 1762 3184 voluit,
1783 3137 1990 3192 praece-

391 3212 482 3275 pta
511 3205 589 3260 eis
619 3223 719 3262 sua
746 3210 1027 3280 praecepit,
1049 3218 1105 3264 ut
1123 3210 1340 3280 placuit,
1362 3219 1416 3264 et
1440 3225 1634 3266 carnes
1677 3210 1984 3264 immundae

391 3307 462 3348 ne
495 3293 911 3366 inquinarentur
967 3298 1021 3352 in
1053 3299 1161 3354 illis
1217 3299 1296 3354 eis
1329 3298 1628 3370 prohibuit,
1661 3299 1792 3370 quin
1823 3307 1876 3353 et
1905 3299 1985 3354 eis

392 3380 536 3438 inter
565 3386 800 3441 mundas
823 3387 1222 3453 ctimmuudas,
1239 3389 1454 3460 signum
1474 3387 1819 3443 discretionis
1839 3387 1992 3442 dedit

392 3480 549 3546 (Leo.
589 3483 687 3550 xi).

465 3595 704 3652 Peritos.
740 3599 804 3653 Et
861 3600 978 3656 haec
1009 3600 1353 3656 immunditia
1413 3615 1577 3672 quam
1609 3599 1677 3656 de
1733 3599 1992 3656 carnibus

395 3683 594 3752 dixisti,
613 3695 694 3740 est
723 3687 836 3758 ipsa
859 3706 1076 3761 corpus,
1107 3689 1192 3744 vel
1215 3706 1305 3744 res
1348 3707 1470 3762 quae
1491 3689 1698 3744 accidat
1719 3689 1934 3760 corpori
1963 3689 1993 3742 ‘I

470 3817 710 3871 Movsns.
728 3818 1016 3888 Neutrum,
1037 3819 1146 3874 imo
1168 3829 1251 3874 est
1273 3834 1364 3873 res
1391 3817 1640 3889 quaedam
1663 3815 1985 3887 spiritualis,

396 3929 501 3984 qua
531 3914 584 3968 in
615 3929 817 3986 corpus
839 3915 1136 3981 descendit,
1159 3931 1265 3971 nec
1282 3915 1332 3970 ei
1368 3923 1547 3970 tamen
1572 3915 1988 3982 incrementum,

396 4003 480 4058 vel
511 4003 892 4059 detrimentum
922 4005 1188 4070 attribuit,
1240 4005 1337 4059 sed
1369 4005 1474 4058 tale
1530 4004 1659 4076 quid
1720 4003 1990 4074 prohibet,

398 4094 543 4164 quod
585 4093 636 4148 ei
691 4109 966 4166 nunquam
1023 4105 1185 4148 antea
1242 4093 1574 4164 prohibitum
1631 4091 1746 4156 fuit,
1781 4101 1835 4147 et
1890 4092 1994 4146 hoc

397 4181 576 4236 modis
623 4191 857 4253 quatuor
899 4182 1118 4253 corpori
1169 4198 1229 4238 se
1276 4181 1545 4254 adjungit,
1597 4196 1707 4236 uno
1749 4180 1990 4253 quidem,

398 4271 618 4341 quando
673 4273 892 4341 corpori
925 4271 1188 4338 adhaeret,
1213 4272 1284 4326 ab
1339 4272 1510 4342 ipsius
1557 4269 1862 4335 creatione,
1893 4283 1996 4324 nec

398 4360 466 4413 ab
497 4358 645 4413 eoin
678 4368 937 4413 aeternum
985 4360 1213 4425 secedit,
1263 4359 1426 4414 veluti
1474 4374 1597 4415 cum
1635 4358 1705 4412 de
1754 4370 1911 4427 patre
1941 4364 1996 4412 et

398 4454 573 4502 matre
604 4448 951 4503 haereditarie
981 4450 1248 4518 provenit,
1281 4457 1339 4504 ut
1366 4449 1421 4503 in
1447 4462 1618 4520 porco
1649 4447 1895 4502 videmus
1941 4454 1994 4500 et

399 4534 518 4590 aliis
544 4537 798 4591 carnibus
828 4538 1144 4608 prohibitis.
1199 4538 1476 4604 Secundo,
1498 4553 1620 4592 cum
1655 4536 1704 4591 ei
1733 4551 1854 4591 cum
1887 4551 1993 4606 quo

397 4640 505 4681 non
534 4623 710 4680 fuerat
737 4626 1066 4699 adiungitur,
1099 4628 1193 4682 sed
1223 4636 1412 4697 postea
1445 4642 1554 4680 non
1585 4633 1894 4695 separatur,
1935 4633 1989 4678 ut

397 4713 449 4768 in
492 4715 720 4769 mortuis
767 4732 830 4770 ac
863 4716 1090 4786 leprosis
1133 4716 1367 4770 videtur.
1391 4713 1595 4778 Tertio,
1641 4730 1763 4768 cum
1815 4712 1997 4783 aliqua

398 4803 467 4858 de
495 4820 657 4860 causa
689 4806 1108 4875 superveniente
1135 4803 1356 4874 corpori
1391 4803 1702 4868 adhibetur,
1726 4809 1779 4856 et
1808 4810 1997 4871 postea

396 4892 505 4948 alia
535 4894 718 4964 operis
746 4910 909 4949 causa
939 4894 1272 4965 scjongitur,
1297 4903 1433 4948 stcut
1484 4891 1558 4945 illi
1585 4891 1676 4961 qui
1722 4903 1996 4943 mortuum

395 4989 628 5054 tangunt
660 4982 921 5036 immundi
953 4991 1100 5048 sunt,
1132 4983 1310 5037 donec
1355 4981 1558 5037 cineris
1598 4979 1996 5049 conspersione

399 5081 582 5134 mundi
615 5079 746 5135 fiant
778 5082 968 5150 (Nam.
1005 5081 1139 5148 χιχ).
1193 5078 1404 5148 Quarto
1428 5087 1632 5144 autem,
1664 5093 1788 5132 cum
1818 5077 2000 5149 aliqua

402 5169 472 5224 de
501 5185 665 5224 causa
697 5169 909 5240 corpori
940 5185 999 5223 sc
1031 5170 1298 5237 adiungit,
1327 5183 1392 5223 ac
1425 5169 1541 5222 sine
1571 5183 1736 5237 opere
1765 5167 1874 5222 ullo
1905 5183 1998 5221 rc-

400 5269 562 5335 ccdil,
597 5279 653 5324 ut
700 5271 777 5324 illi
813 5270 901 5340 qui
936 5268 1294 5323 iiiorliciuium
1350 5267 1572 5339 aliquod
1602 5269 2001 5323 contrectat-int

401 5361 513 5408 tota
543 5354 632 5408 die
667 5355 899 5414 sordidi.
933 5353 1050 5409 sole
1084 5370 1210 5410 vero
1241 5353 1526 5408 occidente
1557 5354 1766 5424 absque
1788 5368 2000 5424 purga-

404 5452 552 5506 tione
575 5452 758 5524 aliqua
778 5453 962 5508 mundi
996 5461 1117 5507 sunt
1147 5453 1295 5521 (Leo.
1338 5455 1433 5523 χι),
1456 5453 1583 5522 (tilia
1601 5462 1776 5508 autem
1808 5467 2003 5507 carnes

405 5548 510 5603 illa:
558 5549 850 5604 immundae
903 5549 1138 5616 fuerunt,
1171 5549 1295 5604 ideo
1341 5558 1392 5605 et
1435 5564 1467 5603 a
1500 5549 1684 5621 Moyse
1721 5549 2004 5620 prohibitae

407 5653 550 5711 sunt,
614 5645 864 5701 videlicet
940 5663 1008 5700 ne
1087 5646 1398 5701 immundos
1468 5645 1732 5711 facerent,
1788 5645 1880 5718 qui
1939 5660 2006 5700 ea

407 5733 776 5788 cemederent.
828 5734 934 5788 Sed
992 5742 1046 5787 et
1103 5734 1229 5789 ideo
1261 5743 1318 5788 ut
1363 5733 1622 5788 doctores
1648 5733 1816 5790 vestri
1847 5748 2007 5788 asse-

409 5829 555 5888 runt,
606 5823 896 5893 prohibitae
943 5821 1164 5877 fuerunt
1219 5838 1287 5878 ne
1315 5823 1575 5878 duritiam
1629 5822 1890 5879 cordibus
1917 5823 2008 5877 in-

410 5907 634 5978 ferrent,
667 5917 758 5968 aut
789 5910 1197 5980 hchetudinem,
1220 5927 1290 5968 ne
1317 5910 1714 5984 intelligerent.

2091 632 2177 680 cet
2204 633 2366 698 atque
2397 626 2616 696 duritia,
2649 627 2778 684 olim
2809 629 3131 702 corporibus
3161 636 3216 684 et
3244 629 3504 684 carnibus
3531 630 3685 686 acci-

2091 721 2316 787 debant,
2336 723 2553 792 quando
2575 723 2693 795 ipsa
2722 725 2903 783 adhuc
2934 724 3179 797 generali
3234 734 3462 795 peccato
3487 727 3683 782 irretiti

2092 829 2270 888 erant,
2303 830 2356 878 et
2382 822 2616 893 Spiritus
2645 823 2818 879 sancti
2847 823 3240 895 plenitudinem
3262 840 3370 880 non
3391 824 3681 880 habebant.

2094 909 2172 965 Ut
2193 919 2377 966 autem
2412 911 2661 967 Christus
2699 912 2867 977 venit,
2900 921 2954 968 et
2973 930 3074 984 per
3095 913 3420 983 baptismum
3450 913 3684 969 creden-

2092 999 2224 1054 tium
2273 1016 2508 1071 corpora
2546 1001 2935 1070 mundificavit,
2959 1011 3009 1057 et
3034 1001 3274 1073 Spiritus
3301 1001 3474 1058 sancti
3504 1001 3683 1072 pleni-

2094 1089 2337 1144 tudinem
2395 1089 2648 1155 infunulit,
2673 1091 2789 1160 jam
2823 1107 2991 1147 carne
3049 1091 3232 1163 aliqua
3257 1107 3358 1146 nec
3413 1091 3689 1146 sordidari

2095 1195 2294 1250 corpus
2325 1179 2580 1249 hominis,
2603 1196 2705 1235 nec
2725 1180 2969 1235 hebetari
2993 1180 3182 1250 potuit.
3205 1181 3274 1234 Et
3298 1180 3398 1236 hoc
3418 1187 3688 1235 testantur

2094 1267 2351 1323 doctores
2366 1269 2552 1338 vestri,
2568 1269 2660 1340 qui
2673 1269 2934 1323 dixerunt
2949 1276 3071 1338 post
3085 1269 3375 1324 adventum
3399 1269 3598 1324 Christi
3613 1269 3684 1324 de

2095 1357 2476 1412 incomcstibili
2505 1357 2556 1411 in
2591 1357 2983 1412 comestibilem
3009 1357 3242 1412 debebat
3268 1357 3532 1413 converti.
3559 1358 3689 1413 Haec

2094 1462 2274 1508 autem
2290 1453 2424 1509 ratio
2445 1455 2512 1509 dc
2526 1454 2779 1509 omnibus
2791 1453 3146 1508 immunditiis
3159 1461 3336 1524 potest
3352 1453 3490 1508 dari.
3509 1453 3619 1510 Sed
3632 1461 3690 1508 et

2095 1543 2340 1597 carnium
2363 1541 2760 1597 absolutionem
2786 1551 3116 1613 protestatur
3145 1544 3362 1613 Moyses
3393 1557 3514 1597 esse
3535 1541 3688 1596 futu-

2093 1646 2210 1687 ram
2225 1638 2347 1701 post
2363 1630 2657 1686 adventum
2675 1631 2892 1696 Christi,
2908 1631 3140 1702 loquens
3153 1631 3222 1686 ad
3242 1631 3500 1702 populum
3515 1631 3688 1685 Israel

2095 1729 2258 1786 verba
2278 1728 2614 1798 hujusmodi:
2637 1729 2867 1797 Quando
2885 1729 3214 1785 dilataverit
3237 1729 3506 1785 Dominus
3531 1729 3685 1785 Deus

2097 1828 2375 1884 terminos
2395 1831 2539 1894 tuos,
2554 1827 2704 1884 sicut
2723 1828 2944 1882 locutus
2955 1831 3043 1883 est
3074 1827 3194 1894 tibi,
3210 1830 3268 1882 et
3290 1827 3530 1882 volueris
3541 1827 3690 1882 vesci

2098 1925 2362 1980 carnibus
2375 1941 2512 1997 quas
2525 1923 2808 1979 desiderat
2819 1926 3015 1980 anima
3028 1928 3148 1989 tua,
3158 1925 3312 1980 locus
3321 1927 3514 1979 autem
3527 1939 3691 1995 quem

2097 2025 2330 2094 elegerit
2351 2024 2624 2080 Dominus
2656 2024 2801 2079 Deus
2835 2028 2984 2088 tuus,
3005 2027 3068 2078 ut
3096 2023 3174 2077 sit
3204 2037 3410 2077 nomen
3437 2024 3559 2094 ejus
3585 2023 3684 2089 ibi,

2095 2114 2293 2184 procul
2313 2114 2514 2183 fuerit,
2530 2112 2744 2168 occides
2773 2112 2839 2166 de
2867 2111 3153 2166 armentis
3186 2114 3241 2166 et
3277 2111 3690 2182 aperibus,quae

2099 2209 2515 2264 habuerissicut
2525 2211 2794 2281 praecepit
2809 2210 2928 2273 tibi,
2946 2211 3002 2263 et
3015 2209 3263 2264 comedes
3277 2209 3337 2263 in
3349 2208 3562 2280 oppidis
3575 2209 3691 2264 tuis

2096 2307 2678 2378 uttibiptacet.3icut
2700 2323 2906 2378 caprea
2940 2307 3258 2362 comeditur
3273 2310 3328 2362 et
3367 2307 3686 2374 cervus,ita

2095 2398 2334 2451 vesceris
2352 2397 2449 2460 eis,
2465 2400 2521 2451 ct
2539 2396 2785 2451 mundus
2797 2399 2850 2452 et
2863 2395 3264 2451 immundusin
3279 2411 3572 2451 commune
3613 2411 3696 2450 ve-

2094 2499 2300 2552 sentur
2316 2495 2500 2562 (Deut.
2518 2493 2632 2564 xu).
2655 2495 2792 2549 Ante
2808 2492 3100 2548 adventum
3141 2491 3342 2565 quippe
3355 2492 3549 2547 Christi
3571 2501 3689 2547 ter-

2095 2590 2226 2646 mini
2260 2589 2428 2644 Israel
2448 2587 2665 2644 fuerunt
2699 2587 3374 2660 angusti,quianectotam
3393 2586 3681 2642 etiamter‘

2096 2705 2214 2744 ram
2231 2688 2550 2754 habuerunt,
2568 2701 2731 2758 quam
2750 2686 2829 2741 eis
2848 2703 2945 2757 per
2957 2687 3179 2756 Moysen
3197 2685 3460 2740 Dominus
3475 2684 3690 2756 promi—

2095 2786 2159 2840 sit
2176 2829 2188 2842 .
2205 2785 2470 2840 Dilatavit
2487 2793 2664 2838 autem
2680 2783 2946 2839 Dominus
2965 2783 3225 2838 terminos
3257 2783 3428 2838 Israel
3446 2791 3565 2854 post
3585 2783 3690 2836 ad-

2097 2885 2315 2930 ventum
2333 2873 2552 2941 Christi,
2568 2873 2786 2944 quando
2804 2872 2982 2945 legem
2998 2880 3273 2943 pertotum
3292 2873 3546 2928 mundum
3559 2887 3694 2943 prae-

2094 2969 2682 3041 dicaveruntapostoli.
2707 2970 2815 3025 Sed
2835 2978 2888 3024 ct
2906 2970 3058 3024 locus
3097 2985 3264 3041 quem
3296 2969 3560 3024 Dominus
3576 2968 3689 3024 ele-

2095 3065 2258 3132 gerat
2277 3064 2335 3111 ut
2349 3064 2495 3110 esset
2511 3070 2710 3109 nomen
2723 3055 2839 3123 ejus
2852 3054 2945 3119 ibi,
2961 3053 3074 3123 jam
3104 3053 3295 3124 procul
3311 3062 3412 3114 est.
3429 3053 3555 3123 quia
3586 3053 3688 3108 de-

2097 3163 2362 3213 structum
2395 3162 2474 3208 est
2505 3151 2786 3222 antiquum
2817 3151 2948 3206 illud
2967 3151 3226 3223 templum
3252 3150 3488 3206 Domini.
3513 3149 3692 3220 Carne

2016 3260 2065 3322 (Γ,
2094 3255 2261 3326 igitur
2291 3250 2459 3318 omni,
2495 3248 2700 3304 munda
2729 3249 2798 3303 sit
2826 3247 2913 3304 vel
2963 3247 3264 3315 immunda,
3291 3247 3408 3317 jam
3441 3245 3688 3318 quilibet.

2097 3349 2260 3415 prout
2313 3339 2420 3394 srhi
2480 3339 2678 3410 placet,
2712 3337 2832 3392 sine
2889 3336 2999 3392 ulla
3055 3335 3496 3409 transgressione
3516 3342 3696 3406 potest

2098 3430 2266 3487 vesci.
2294 3427 2450 3498 Quod
2479 3434 2687 3491 autem,
2711 3443 2745 3482 ο
2775 3427 3010 3496 Moyses,
3033 3423 3138 3482 huc
3159 3441 3332 3496 usque
3351 3423 3480 3490 dixi,
3505 3423 3694 3496 utique

2099 3519 2205 3577 feci
2236 3529 2292 3573 ut
2323 3526 2427 3572 tua:
2458 3515 2830 3571 satisfacerem
2863 3514 3139 3569 voluntati.
3166 3515 3220 3569 Si
3253 3529 3386 3569 vero
3413 3513 3570 3568 aliter
3599 3528 3688 3567 me

2099 3609 2298 3665 vellem
2343 3604 2660 3669 defendere,
2710 3603 2955 3674 profecto
2985 3619 3177 3658 novam
3233 3603 3410 3673 legem
3457 3601 3693 3657 dicerem

2099 3713 2202 3753 nos
2242 3695 2470 3759 habere,
2507 3701 2560 3748 et
2617 3692 2730 3764 legi
2782 3691 2953 3763 Moysi
3009 3691 3331 3748 contrariam
3389 3689 3694 3744 nullatenus

2099 3802 2250 3842 esse.
2293 3785 2374 3840 De
2429 3783 2721 3854 praeceptis
2776 3781 2922 3836 enim
2953 3781 3177 3836 Domini
3227 3780 3558 3836 contrarium
3587 3793 3693 3834 non

2101 3883 2186 3930 est
2240 3873 2471 3929 alterum
2525 3869 2708 3935 alteri,
2743 3869 2839 3926 sed
2896 3870 3118 3942 quando
3173 3877 3387 3940 tempus
3439 3867 3694 3940 pmcepti

2101 3975 2263 4027 unius
2291 3977 2376 4025 est
2405 3967 2758 4038 completum,
2789 3965 2960 4032 aliud,
2989 3973 3047 4019 ut
3093 3963 3198 4020 sibi
3222 3964 3416 4035 placet,
3439 3963 3527 4018 dat
3549 3976 3694 4032 prm-

2101 4069 2340 4132 ceptum,
2363 4055 2827 4130 quemadmodum
2856 4053 2926 4109 de
2955 4061 3229 4124 praecepto
3260 4052 3530 4118 videmus,
3548 4049 3693 4122 quod

2101 4149 2171 4206 de
2200 4149 2456 4204 carnibus
2486 4143 2846 4201 comedendis
2876 4143 3142 4198 Dominus
3199 4143 3318 4197 Noe
3347 4140 3500 4196 dedit
3529 4141 3692 4208 (Gen.

2101 4236 2198 4304 ιχ),
2232 4232 2376 4304 quia,
2412 4238 2696 4301 postquam
2728 4229 2944 4299 Moyses
2997 4226 3163 4292 venit,
3194 4234 3249 4281 et
3275 4225 3407 4280 illud
3439 4223 3698 4296 pracepti

2101 4330 2316 4393 tempus
2365 4320 2697 4389 completum
2729 4317 2849 4376 fuit.
2876 4316 3046 4387 Moysi
3099 4315 3203 4386 ipsi
3225 4315 3340 4384 jam
3369 4313 3518 4368 aliud
3549 4328 3696 4382 pre-

2103 4418 2324 4482 ceptum
2354 4409 2421 4463 de
2445 4407 2726 4471 carnibus,
2763 4406 3014 4461 videlicet
3069 4402 3443 4476 prohibendis,
3473 4399 3699 4458 donavit

2105 4511 2249 4578 (Leo.
2301 4509 2408 4568 χι).
2449 4505 2614 4572 Cujus
2660 4504 2856 4558 iterum
2901 4511 3136 4573 tempus,
3167 4509 3458 4573 postquam
3484 4498 3698 4554 Christo

2020 4619 2070 4678 D
2103 4595 2431 4651 adveniente
2460 4593 2790 4662 completum
2841 4591 2965 4659 fuit,
2995 4593 3108 4660 jam
3165 4606 3293 4647 ecce
3324 4591 3520 4644 iterum
3565 4586 3699 4678 illud

2105 4685 2386 4756 antiquum
2441 4682 2585 4753 quod
2618 4681 2738 4735 Noe
2795 4681 2981 4734 datum
3025 4679 3201 4734 fuerat
3256 4685 3608 4750 praeceptum,
3631 4675 3701 4730 de

2105 4785 2351 4842 carnium
2401 4783 2656 4839 videlicet
2701 4781 3064 4846 absolutionc,
3101 4781 3282 4835 rediit.
3322 4781 3388 4836 Et
3436 4776 3700 4833 Dominus

2107 4883 2326 4956 quidem
2343 4883 2661 4953 prophetam
2675 4897 2798 4936 esse
2812 4879 3184 4950 suscitandum
3196 4888 3244 4934 ta
3253 4893 3453 4950 nquam
3465 4877 3707 4945 Moysen,

2107 4981 2162 5036 id
2191 4989 2275 5036 est
2305 4980 2602 5045 Christum,
2636 4979 2726 5049 qui
2779 4994 2973 5032 novam
3004 4977 3182 5050 legem
3241 4975 3493 5031 videlicet
3534 4972 3703 5036 daret,

2107 5071 2250 5127 sicut
2303 5071 2536 5140 Moyses,
2589 5067 3052 5139 quemadmodum
3101 5081 3258 5136 supra
3315 5063 3570 5128 diximus,
3613 5076 3712 5131 per

2113 5170 2334 5239 Moysen
2369 5167 2548 5238 ipsum
2571 5164 2818 5236 promisit
2838 5167 3026 5232 (Deut.
3055 5173 3224 5229 xviii).
3249 5163 3463 5218 Rursus
3483 5159 3550 5215 de
3572 5173 3710 5212 nova

2110 5280 2269 5336 quam
2295 5271 2573 5318 venturam
2591 5278 2716 5316 esse
2733 5260 3086 5331 prmvidcbat,
3108 5259 3230 5332 lege
3251 5259 3396 5313 hunc
3417 5256 3470 5311 in
3491 5255 3710 5311 modum

2114 5361 2278 5416 Isaias
2317 5360 2602 5432 praecinuit
2645 5377 2656 5414 :
2691 5361 2834 5420 Erit,
2865 5359 3058 5432 inquit,
3083 5359 3145 5413 in
3175 5355 3494 5413 novissimis
3523 5354 3714 5410 diebus

2111 5455 2477 5524 praeparatus
2495 5466 2658 5505 mons
2670 5449 2867 5504 domus
2884 5449 3124 5514 Domini,
3143 5449 3202 5501 in
3217 5446 3420 5500 vertice
3431 5443 3714 5498 montium

2114 5544 2170 5596 et
2199 5538 2514 5596 elevabitur
2542 5555 2714 5610 super
2741 5537 2933 5600 colles,
2962 5541 3016 5590 et
3047 5537 3230 5604 ﬂuent
3256 5534 3328 5589 ad
3357 5548 3486 5588 eum
3523 5545 3714 5586 omnes

2114 5640 2329 5708 gentes,
2364 5639 2421 5691 et
2437 5635 2604 5691 ibunt
2631 5634 2828 5707 populi
2855 5634 3029 5689 multi
3066 5636 3124 5688 et
3142 5632 3367 5687 dicent:
3403 5629 3608 5692 Venite,
3627 5643 3717 5682 as-

2118 5733 2428 5790 cendamus
2444 5733 2516 5788 ad
2523 5735 2780 5789 montem
2795 5730 3102 5796 Domini,et
3115 5729 3187 5784 ad
3200 5730 3436 5784 Domum
3449 5726 3544 5780 Dei
3555 5725 3718 5781 Iacob

2117 5827 2174 5879 et
2197 5821 2412 5879 docebit
2441 5835 2546 5878 nos
2568 5821 2691 5876 vias
2719 5835 2876 5889 suas,
2898 5823 2957 5876 et
2991 5815 3485 5874 ambulabimusin
3501 5813 3721 5870 semitis

2120 5913 2262 5982 ejus,
2296 5911 2430 5983 quia
2460 5909 2526 5967 de
2555 5910 2688 5966 Sion
2719 5909 2898 5967 exibit
2931 5912 3050 5975 tem,
3071 5911 3127 5966 et
3149 5906 3376 5966 verbum
3407 5901 3634 5959 Domini
3654 5899 3719 5955 de
