3966 6402
270 416 375 472 669

268 656 429 696 mons
457 641 569 698 iste
604 644 896 700 Domini?
925 647 980 702 Si
1010 648 1149 703 enim
1183 648 1249 703 de
1300 657 1483 704 monte
1535 650 1665 704 Sion
1713 651 1898 705 dicere

270 728 542 796 volueris,
580 733 640 785 in
677 750 802 805 quo
833 736 1026 790 domus
1074 737 1288 791 Domini
1334 738 1592 808 templum
1647 738 1899 794 videlicet

266 826 383 893 fuit,
419 828 571 883 ratio
607 830 816 901 utique
856 834 1198 900 contradicit,
1250 834 1373 906 quia
1428 851 1527 890 nec
1588 836 1641 889 in
1693 838 1899 891 vertice

269 916 551 969 montium
587 918 742 973 situs
772 928 875 987 est,
911 936 1030 976 cum
1061 923 1220 976 etiam
1268 924 1411 979 circa
1469 940 1592 977 eum
1649 924 1754 978 sint
1809 925 1898 978 alii

264 1002 439 1059 colles
474 1004 607 1076 ipso
626 1007 927 1073 celsiores,
953 1026 1051 1065 nec
1071 1011 1213 1082 quod
1237 1028 1402 1082 super
1421 1012 1590 1066 colles
1611 1013 1900 1084 aliquando

266 1100 545 1167 elevetur,
585 1120 727 1160 esse
761 1114 963 1177 potest.
1005 1107 1147 1175 Quid
1191 1116 1274 1163 est
1321 1110 1483 1165 etiam
1526 1111 1670 1181 quod
1718 1110 1850 1165 dicit
1884 1128 1895 1164 :

272 1187 687 1263 Ibuntpopuli
744 1196 915 1250 multi
954 1202 1009 1251 et
1042 1198 1473 1262 dicent:Venite,
1504 1200 1896 1264 ascendamus,

263 1287 394 1345 etc.,
416 1284 473 1333 et
494 1281 740 1337 docebit
757 1301 860 1338 nos
884 1285 1207 1340 viassuasct
1224 1287 1707 1343 ambulabimusin
1728 1290 1899 1343 semi-

263 1375 338 1428 tis
351 1376 501 1445 ejus,
550 1380 700 1449 quia
724 1380 791 1435 de
811 1381 941 1436 Sion
960 1384 1137 1437 exibit
1162 1385 1277 1448 lcx,
1301 1394 1407 1438 etc.
1442 1383 1576 1451 Quae
1596 1385 1744 1439 enim
1776 1396 1900 1440 sunt

261 1463 370 1517 viae
405 1464 523 1518 illae
556 1467 819 1535 Domini,
843 1478 892 1523 et
915 1471 1122 1526 semitae
1152 1473 1268 1540 ejus
1300 1472 1384 1526 vel
1412 1472 1517 1538 lex,
1552 1490 1670 1543 quae
1686 1475 1752 1528 de
1771 1475 1901 1529 Sion

260 1568 388 1615 erat
410 1574 822 1633 egressura,et
850 1566 1080 1621 verbum
1104 1569 1245 1639 quod
1265 1568 1331 1623 de
1353 1570 1739 1624 Hierusalem?
1763 1572 1899 1625 Nam

261 1671 452 1726 neque
483 1658 562 1712 de
598 1659 734 1732 lege
776 1663 969 1733 Moysi,
996 1680 1118 1734 quae
1155 1665 1407 1720 omnibus
1430 1667 1898 1735 notaest,diceret,

270 1743 381 1800 hoc
411 1745 655 1801 docebit
684 1765 785 1804 nos
812 1751 931 1805 vias
955 1768 1101 1816 suas,
1128 1768 1228 1808 nec
1250 1753 1334 1808 lex
1356 1753 1446 1808 illa
1466 1763 1616 1810 vetus
1638 1755 1705 1810 de
1750 1756 1898 1837 Sion,

268 1840 383 1895 imo
415 1842 490 1898 de
529 1854 729 1901 monte
762 1848 944 1902 lloreb
974 1849 1154 1916 exivit,
1182 1868 1280 1905 nec
1310 1851 1378 1906 de
1410 1852 1772 1919 Hierusalem,
1807 1855 1899 1907 sed

1774 429 2073 487 DIALOGI
2082 475 2093 486 .

270 542 644 600 Hierusalem
677 549 962 619 (Isa.xi).
1022 550 1151 619 Quis
1209 559 1287 606 est
1348 551 1514 617 enim,
1575 567 1608 606 ο
1662 553 1983 623 Moyses,A

3503 445 3605 499 870

2087 559 2328 612 Movses.
2364 558 2506 613 Satis
2536 560 2740 632 diuque
2772 562 2840 619 de
2871 563 2995 638 lege
3027 574 3215 622 nostra
3245 573 3299 623 et
3322 573 3508 623 vestra
3555 576 3606 624 et

2008 644 2217 700 alterna
2258 647 2614 705 alternationo
2673 651 3091 721 disputavimus,
3151 664 3207 710 et
3260 656 3602 725 objectiones

2008 749 2160 788 meas
2209 751 2419 800 omnes,
2477 747 2639 806 prout
2694 740 2913 809 placuit,
2965 744 3293 814 persolvisti,
3347 754 3399 799 et
3470 745 3602 799 nihil

2008 832 2194 877 contra
2219 832 2269 878 te
2299 825 2574 894 explicare
2606 828 2775 897 potui.
2828 832 2934 884 Sed
2996 849 3163 886 unum
3221 833 3365 904 quod
3424 834 3603 890 adhuc

2009 921 2163 989 quasi
2187 922 2237 974 in
2259 924 2513 978 thesauro
2535 922 2630 977 tibi
2653 929 2954 994 reservavi,
2980 930 3124 1000 quod
3146 946 3273 985 cum
3297 946 3606 1001 Opposuero

2009 1014 2061 1062 te
2086 1011 2294 1081 absque
2325 1012 2643 1067 defensione
2673 1015 2894 1070 conﬁdo
2942 1034 3106 1087 posse
3156 1019 3425 1088 superari,
3473 1020 3602 1090 quia

2010 1112 2115 1150 non
2146 1098 2390 1153 invenies
2421 1101 2565 1170 quod
2597 1110 2779 1157 contra
2802 1104 2980 1159 valeat
3012 1107 3359 1177 responderi.

2080 1220 2316 1275 Parens.
2350 1224 2411 1277 Et
2446 1233 2673 1294 quaeest
2718 1242 2802 1281 res
2862 1231 2975 1284 haec
3025 1238 3185 1285 tanta)
3241 1230 3489 1286 valentim
3547 1241 3601 1287 et

2010 1308 2234 1378 vigoris,
2267 1311 2334 1364 de
2366 1328 2471 1381 qua
2493 1313 2591 1366 tibi
2624 1321 2825 1368 tantum
2856 1319 3159 1387 praesumis,
3197 1326 3248 1374 et
3269 1319 3398 1373 mihi
3425 1336 3599 1392 usque

2009 1397 2144 1450 adeo
2176 1398 2439 1453 minitaris
2462 1401 2489 1452 ‘?

2079 1514 2337 1568 Movses.
2376 1514 2504 1571 Tale
2536 1516 2666 1588 quid
2698 1518 2943 1587 profecto
2976 1530 3059 1575 est
3088 1522 3233 1591 quod
3269 1539 3364 1577 vos
3409 1532 3596 1578 contra

2009 1602 2182 1656 Deum
2213 1612 2263 1657 et
2293 1619 2489 1658 omnes
2522 1609 2816 1676 prophetas
2852 1608 3043 1673 facitis,
3076 1610 3325 1666 videlicet
3355 1612 3499 1682 quod
3541 1611 3596 1666 in

2010 1706 2235 1745 nemore
2265 1692 2522 1747 arborem
2544 1696 2815 1765 quandam
2847 1698 3151 1763 conciditis,
3186 1707 3241 1752 et
3272 1708 3456 1769 postea
3500 1715 3593 1753 ar-

2008 1778 2207 1833 tiﬁcem
2240 1780 2549 1850 lignarium,
2584 1782 2674 1853 qui
2696 1784 2842 1838 illam
2860 1794 3025 1848 secet,
3061 1787 3287 1857 sculpat,
3322 1796 3373 1842 et
3403 1788 3457 1841 in
3489 1788 3590 1843 ho-

2011 1865 2178 1919 minis
2206 1870 2440 1937 speciem
2469 1869 2687 1934 formet,
2721 1872 2886 1942 poliat
2918 1881 2971 1927 et
2996 1874 3251 1945 depingat
3282 1876 3583 1946 exquiritis,

268 1928 339 2028 de
374 1930 515 1986 Sina
549 1935 795 1989 verbum
826 1936 1044 1991 Domini
1094 1940 1236 2009 quod
1293 1941 1509 2011 Moyses
1565 1943 1899 1997 annuntiavit
1929 1929 1979 1987 Β
2008 1963 2060 2009 et
2091 1955 2392 2028 imaginem
2426 1958 2572 2012 illam
2604 1960 2659 2013 in
2691 1962 2885 2014 vestris
2945 1963 3203 2018 Ecclesiis
3259 1965 3315 2018 in
3373 1964 3593 2020 celsiori

262 2014 478 2086 (Exod.
517 2038 591 2075 xx
619 2042 634 2087 ;
669 2026 834 2079 Deut.
870 2028 942 2092 v).
975 2025 1065 2082 Sic
1093 2026 1259 2097 igitur
1284 2027 1636 2098 intelligenda
1666 2038 1747 2085 est
1774 2046 1899 2101 pro-

262 2116 480 2185 phetia.
519 2119 737 2176 Sancta
769 2123 989 2192 quidem
1012 2125 1257 2180 Ecclesia
1288 2127 1483 2197 procul
1512 2128 1676 2183 dubio
1705 2128 1897 2183 domus

265 2213 351 2258 est
374 2206 642 2276 Domini,
677 2211 958 2266 montibus
1004 2229 1133 2268 vero
1184 2231 1347 2286 reges
1397 2223 1449 2270 et
1495 2216 1726 2271 collibus
1762 2233 1893 2287 pro-

266 2294 460 2363 phetae
493 2297 689 2352 solent
719 2303 1053 2369 comparari.
1087 2304 1241 2357 Mons
1272 2312 1470 2370 autem,
1512 2304 1566 2358 id
1625 2314 1727 2367 est,
1782 2306 1891 2361 Rex

273 2400 491 2447 sanctae
547 2394 847 2460 Ecclesiae,
894 2397 1139 2453 Christus
1189 2400 1461 2469 videlicet,
1522 2418 1683 2473 super
1732 2419 1891 2473 quem

274 2476 566 2536 fabricata
602 2492 687 2538 est
717 2484 971 2539 Ecclesia
1001 2487 1141 2556 ipsa,
1178 2497 1229 2542 et
1261 2489 1314 2542 in
1372 2490 1575 2545 vertice
1630 2492 1890 2546 montium

270 2580 652 2639 praeparatus
682 2581 738 2627 et
767 2589 927 2643 super
948 2575 1115 2630 colles
1131 2576 1494 2644 estelevatus,
1516 2579 1640 2649 quia
1662 2588 1713 2635 et
1732 2597 1894 2651 super

272 2678 478 2720 omnes
516 2685 688 2741 reges
718 2680 773 2724 et
796 2688 961 2742 super
992 2689 1182 2728 omnes
1231 2675 1530 2746 prophetas
1569 2679 1891 2733 sublimatus

270 2762 354 2806 est
388 2763 443 2808 et
477 2757 820 2813 honoratus.
853 2760 919 2813 Et
951 2763 1140 2816 merito
1170 2764 1238 2818 de
1293 2775 1489 2819 sancta
1548 2768 1788 2822 Ecclesia
1837 2776 1888 2822 et

275 2841 507 2898 Christo
542 2845 679 2901 dicit
712 2850 977 2917 prOpheta
1007 2852 1333 2907 :Fluentad
1371 2870 1519 2919 eum,
1573 2855 1626 2909 id
1682 2864 1762 2909 est
1817 2856 1885 2910 ad

274 2927 601 2999 Christum,
626 2951 823 2990 omnes
850 2942 1061 3007 gentes,
1096 2939 1221 3009 quia
1250 2949 1317 2995 de
1349 2943 1598 2996 omnibus
1633 2944 1885 3014 gentibus

270 3024 659 3082 crediderunt
681 3029 736 3083 in
760 3045 886 3084 eum
910 3034 1524 3103 complures,dicentes:
1557 3041 1762 3103 Venite,
1794 3057 1885 3095 as-

277 3116 605 3172 cendamus
622 3119 698 3173 ad
726 3125 978 3177 montem
1013 3123 1262 3189 Domini,
1285 3125 1340 3179 id
1372 3135 1452 3179 est
1483 3128 1552 3181 ad
1582 3128 1879 3196 Christum,

277 3225 445 3279 quem
472 3214 1000 3272 Dominusomnium
1035 3234 1219 3291 regem
1255 3223 1548 3289 constituit,
1580 3229 1636 3279 et
1672 3225 1745 3280 ad
1781 3226 1879 3283 d0-

2007 2053 2251 2109 videlicet
2284 2056 2403 2111 loco
2436 2058 2768 2123 construitis,
2805 2067 2856 2114 et
2905 2061 3173 2116 adoratis.
3232 2064 3384 2119 Unde
3431 2064 3589 2119 etiam

2006 2141 2171 2196 Isaias
2197 2143 2265 2197 ad
2297 2144 2722 2214 increpationem
2747 2155 2798 2201 et
2818 2149 3174 2219 Opprobrium
3198 2159 3438 2206 vestrum
3462 2152 3591 2207 dicit

2003 2230 2087 2283 his
2112 2232 2292 2285 verbis
2316 2250 2328 2286 :
2350 2234 2592 2304 Artifex
2612 2234 2889 2305 tignarius
2906 2240 3169 2293 extendit
3193 2255 3456 2307 nar-man,
3480 2245 3590 2311 for-

2003 2321 2419 2376 mavitilludin
2460 2326 2725 2387 runcina,
2763 2327 2907 2394 fecit
2937 2327 3244 2395 imaginem
3279 2330 3388 2383 viri
3423 2332 3586 2401 quasi

2001 2410 2313 2478 speciosum
2336 2411 2618 2465 hominem
2642 2412 2994 2468 habitantem
3017 2418 3077 2469 in
3107 2415 3285 2469 domo.
3310 2417 3378 2470 Et
3401 2426 3588 2487 postea

2002 2495 2055 2549 in
2085 2496 2275 2551 eadem
2310 2512 2321 2550 :
2354 2499 2472 2553 Non
2498 2501 2813 2569 recogitant
2834 2502 3097 2558 inmente
3134 2519 3237 2559 sua
3269 2522 3447 2575 neque
3486 2523 3582 2563 co-

1995 2590 2299 2655 gnoscunt,
2348 2604 2525 2657 neque
2562 2592 2827 2643 sentiunt
2857 2595 2923 2644 ut
2956 2592 3181 2646 dicant:
3232 2594 3585 2651 Medietatem

1998 2674 2118 2742 ejus
2136 2676 2411 2731 combussi
2430 2676 2569 2745 igni.
2595 2682 2647 2731 et
2677 2681 2807 2732 coxi
2834 2696 3003 2749 super
3029 2681 3294 2737 carbones
3330 2685 3450 2753 ejus
3476 2699 3583 2754 pa-

1995 2778 2115 2827 nes,
2140 2766 2268 2817 coxi
2291 2780 2492 2819 carnes
2511 2769 2565 2819 et
2582 2768 2792 2820 comedi
2807 2772 2861 2822 et
2877 2768 2941 2822 de
2960 2769 3173 2837 reliquo
3213 2771 3335 2839 ejus
3366 2771 3583 2827 idolum

1995 2851 2203 2912 faciam
2227 2849 2411 2905 ?.4nte
2432 2856 2699 2908 truncum
2745 2855 2885 2924 ligni
2924 2858 3258 2927 procidam?
3291 2861 3430 2929 Pars
3464 2860 3584 2929 ejus

1993 2938 2139 2992 cinis
2167 2944 2269 2993 est.
2307 2941 2411 2995 Cor
2431 2941 2919 3011 insipiensadorat
2939 2945 3085 2999 illud
3103 2950 3155 2999 ct
3179 2962 3291 3001 non
3327 2947 3581 3002 liberabit

1992 3027 2231 3081 animan
2260 3043 2444 3091 suam,
2466 3045 2641 3100 neque
2663 3029 2832 3085 dicet.
2853 3033 3015 3087 Forte
3032 3034 3391 3090 mendacium
3421 3038 3580 3091 estin

1992 3114 2229 3170 dextera
2259 3132 2385 3171 mea
2410 3118 2538 3185 (Isa.
2572 3122 2754 3186 xuv).

2064 3222 2313 3276 Penus.
2351 3224 2471 3277 Non
2503 3232 2584 3278 est
2613 3240 2749 3279 sane
2781 3241 2864 3280 res
2895 3234 2951 3279 ut
2982 3226 3409 3299 putatis.Neque
3439 3229 3582 3284 enim

284 3312 444 3353 mum
468 3303 569 3356 Dei
591 3304 781 3365 Iacob,
801 3304 854 3357 id
883 3313 965 3359 est
993 3307 1057 3360 ad
1093 3286 1333 3362 sanctam
1356 3286 1664 3377 ecclesiam,
1697 3316 1753 3367 et
1789 3314 1882 3368 do-
1913 3286 1959 3351 Ο
1992 3307 2137 3363 idola
2167 3311 2521 3371 fabricamus.
2552 3329 2653 3369 nec
2682 3314 3003 3376 adoramus,
3036 3316 3146 3370 imo
3187 3331 3406 3372 crucem
3447 3317 3583 3374 faci-

282 3388 431 3443 cebit
465 3405 575 3445 nos
606 3394 727 3446 vias
748 3409 900 3458 suas,
924 3393 978 3448 id
1009 3402 1092 3450 est
1121 3396 1425 3453 doctrinam
1456 3400 1593 3471 legis
1642 3417 1776 3466 suae,
1830 3407 1887 3457 et

280 3485 735 3552 ambulabimus,
770 3490 829 3543 in
852 3493 1072 3546 semitis
1091 3494 1230 3562 ejus,
1266 3492 1319 3549 id
1350 3504 1431 3549 est
1460 3496 1513 3549 in
1543 3498 1881 3553 observatio-

279 3570 449 3628 nibus
482 3575 629 3645 legis
661 3576 805 3645 ejus,
841 3595 961 3649 que:
1009 3596 1149 3635 nova
1203 3590 1308 3648 est,
1361 3584 1501 3640 sicut
1554 3602 1725 3642 novas
1770 3587 1881 3640 vias

279 3664 518 3718 semitas
543 3665 905 3734 appellamus.
938 3667 1095 3736 Quod
1126 3678 1304 3725 autem
1336 3675 1617 3745 sequitur:
1656 3677 1795 3743 Quia
1815 3676 1879 3731 de

267 3756 401 3813 Sion
426 3761 617 3816 exibit
654 3762 771 3829 lex,
792 3767 847 3817 et
874 3766 1096 3820 verbum
1130 3769 1358 3825 Domini
1395 3770 1460 3825 de
1496 3771 1875 3842 Hierusalem,

268 3848 514 3910 insinuat
549 3857 698 3927 quod
722 3856 806 3912 lex
829 3858 1029 3914 Christi
1051 3861 1118 3915 de
1142 3862 1290 3933 Sion,
1315 3872 1369 3919 et
1402 3867 1626 3921 verbum
1668 3869 1784 3937 ejus
1811 3868 1877 3924 de

269 3948 624 4007 Hierusalem
656 3969 1021 4026 egressurum
1054 3957 1169 4012 fuit.
1222 3961 1359 4015 Nam
1418 3963 1469 4016 in
1527 3964 1657 4020 Sion
1711 3980 1879 4037 super

268 4048 557 4115 apostolos
595 4050 835 4120 Spiritus
878 4062 1099 4109 sanctus
1152 4058 1318 4124 venit,
1379 4060 1535 4128 cujus
1587 4062 1870 4129 adventus,

266 4131 407 4205 legis
434 4137 865 4194 fundamentum
894 4143 1116 4209 exstitit,
1147 4154 1313 4217 atque
1347 4148 1416 4201 ab
1447 4149 1567 4220 ipso
1613 4150 1758 4217 data,
1809 4167 1873 4208 ac

266 4244 367 4299 per
398 4234 586 4304 ipsum
610 4236 905 4304 praedicata
936 4239 1053 4306 fuit,
1109 4249 1162 4295 et
1203 4242 1258 4295 in
1310 4244 1651 4300 Hierusalem
1699 4247 1872 4317 prius-

282 4345 453 4399 quam
480 4332 632 4399 alibi,
657 4341 712 4387 et
744 4336 993 4404 apostoli,
1026 4345 1076 4392 et
1098 4339 1342 4395 Christus
1375 4342 1493 4413 ipse
1533 4344 1867 4415 praedicavit,

268 4425 323 4472 et
350 4420 484 4475 inde
514 4436 614 4490 per
646 4429 822 4476 totum
852 4426 1111 4480 mundum
1133 4429 1458 4497 praedicatio
1480 4432 1670 4487 exivit.
1713 4435 1871 4489 Patet

266 4512 455 4589 itaque
478 4518 611 4590 quia
632 4518 704 4575 de
726 4535 868 4575 nova
887 4522 1137 4596 hmclege
1161 4526 1333 4581 Isaias
1355 4530 1868 4598 prophetavit.ltem

266 4611 332 4668 de
349 4615 640 4687 novalege
656 4616 734 4671 sic
750 4616 991 4689 loquitur
1017 4621 1277 4677 Jeremias
1298 4639 1312 4677 :
1336 4626 1473 4680 Ecce
1487 4627 1603 4682 dies
1618 4630 1864 4695 venient,
1897 4643 1947 4701 1)

268 4698 410 4756 dicit
426 4703 722 4766 Dominus,
739 4707 794 4758 et
808 4706 1015 4773 feriam
1032 4708 1221 4764 domui
1240 4709 1413 4765 Israel
1437 4717 1493 4766 et
1522 4714 1711 4770 domui
1722 4716 1788 4770 Ju
1802 4716 1866 4769 1a

265 4787 445 4854 [trdus
456 4806 665 4845 novum
676 4807 807 4855 ,non
820 4796 1128 4849 secundum
1145 4802 1374 4867 pactum
1388 4800 1531 4870 quod
1541 4803 1727 4873 pepigi
1741 4819 1871 4857 cum

264 4886 518 4953 patribus
530 4889 816 4956 eorum,in
830 4889 920 4944 die
931 4908 1035 4961 qua
1047 4895 1393 4964 apprehendi
1409 4914 1643 4953 manum
1656 4915 1867 4967 eorum,

267 4983 639 5040 uteducerem
658 5001 748 5039 eos
768 4985 833 5041 de
851 4992 1006 5043 terra
1028 4992 1397 5063 i-Egyptiiler.
1424 4996 1702 5058 xxxx.)Cbi
1727 4996 1865 5051 enim

262 5075 315 5132 in
346 5080 532 5136 Latino
565 5081 795 5135 habetur
822 5085 1003 5152 fwdus
1043 5103 1269 5153 novum,
1314 5089 1366 5142 in
1391 5091 1659 5146 llebraico
1711 5093 1866 5147 inve-

264 5168 382 5222 nies
410 5180 593 5229 ττω-τττ
625 5180 789 5237 nm,
822 5173 1023 5239 berith,
1048 5176 1278 5245 hadasa,
1306 5179 1451 5247 quod
1482 5179 1867 5250 interpretatur

266 5266 361 5321 lex
378 5284 538 5332 nova,
576 5268 767 5336 Moyse
798 5277 1108 5336 attestante,
1146 5275 1237 5344 qui
1271 5276 1455 5329 multis
1486 5277 1539 5330 in
1570 5277 1705 5331 locis
1737 5296 1863 5349 prii?-

262 5362 416 5423 cepta
433 5354 575 5427 legis
597 5371 714 5409 suae
734 5358 939 5421 berith,
960 5360 1218 5429 appellat.
1270 5364 1393 5432 Ipse
1425 5366 1568 5419 enim
1596 5367 1863 5422 Jeremias

261 5444 402 5513 quod
438 5444 507 5499 de
536 5444 817 5516 novalege
832 5446 1013 5514 [cedas
1036 5465 1242 5505 novum
1281 5452 1497 5518 dixerit,
1530 5453 1709 5508 innuit
1738 5470 1860 5510 cum

259 5540 329 5593 ait
356 5558 367 5593 :
403 5543 522 5596 Non
546 5542 865 5597 secundum
897 5550 1127 5604 pactum
1161 5548 1303 5618 quod
1320 5551 1512 5621 pepigi
1529 5567 1657 5605 cum
1674 5554 1859 5623 patri-

259 5630 352 5685 bus
374 5646 573 5685 eorum
590 5631 653 5684 in
672 5630 761 5684 die
784 5646 888 5701 quo
905 5635 1251 5703 apprehendi
1275 5653 1509 5693 manum
1545 5655 1756 5705 eorum,
1795 5646 1858 5696 ut

258 5719 549 5774 educerem
566 5735 660 5773 eos
683 5718 751 5772 de
771 5721 925 5774 terra
940 5722 1185 5793 Egypti.
1211 5724 1309 5780 Hic
1330 5728 1561 5798 namque
1573 5737 1758 5798 aperte
1772 5729 1860 5783 lo-

255 5816 429 5889 quitur
460 5815 534 5870 de
563 5822 749 5886 pacto,
784 5814 836 5867 id
867 5816 1040 5872 estde
1067 5818 1189 5889 lege
1216 5819 1303 5874 illa
1337 5838 1498 5893 quam
1552 5822 1707 5879 dedit
1752 5825 1857 5879 Do-

248 5916 428 5970 minus
460 5912 645 5984 Moysi
674 5912 728 5966 in
760 5911 976 5970 deserto
1006 5925 1125 5986 post
1148 5932 1431 5989 egressum
1461 5920 1701 5994 Egypti.

1992 3414 2113 3451 mus
2143 3407 2195 3453 et
2224 3400 2273 3454 ei
2303 3400 2596 3470 imaginem
2626 3402 2860 3456 hominis
2903 3405 3340 3474 superponimus,
3393 3414 3445 3460 et
3483 3422 3582 3477 per

1990 3502 2205 3542 crucem
2238 3488 2457 3558 quidem
2506 3489 2698 3559 altare,
2754 3508 2851 3561 per
2905 3492 3204 3563 imaginem
3253 3494 3580 3550 sacriﬁcium

1990 3576 2135 3647 quod
2158 3592 2324 3647 super
2381 3577 2553 3632 altare
2611 3587 2695 3633 est
2750 3579 3125 3650 designamus.
3190 3582 3338 3639 Sicut
3397 3591 3581 3639 tamen

1990 3680 2156 3733 super
2185 3664 2357 3720 altare
2415 3666 2668 3721 animalia
2723 3667 3125 3738 sacriﬁcabant,
3187 3670 3259 3724 ita
3315 3679 3369 3726 et
3417 3688 3581 3742 super

1989 3768 2207 3807 crucem
2238 3753 2548 3809 immolatus
2580 3756 2675 3809 fuit
2705 3757 2803 3811 Dei
2836 3760 3052 3828 Agnus;
3091 3766 3143 3813 et
3168 3760 3308 3814 sicut
3338 3760 3407 3815 de
3439 3759 3578 3831 lapi-

1985 3841 2111 3895 dum
2142 3843 2390 3913 reliquiis
2420 3846 2621 3916 quibus
2641 3846 2806 3900 altare
2836 3848 3244 3915 construebant,
3272 3864 3402 3904 cura
3432 3849 3577 3903 nulla

1985 3938 2097 3983 erat
2128 3931 2258 4000 quid
2288 3931 2460 3997 ﬁeret,
2495 3933 2567 3986 ita
2598 3943 2649 3987 et
2679 3935 2747 3988 de
2777 3934 3022 4005 reliquiis
3045 3935 3222 3991 crucis
3272 3937 3356 3991 vel
3404 3952 3569 4007 supra

1983 4018 2249 4087 imposita:
2265 4020 2518 4087 imaginis
2542 4022 2671 4092 quid
2697 4021 2790 4077 ﬁat
2810 4039 2919 4078 non
2942 4039 3228 4079 curamus.
3254 4025 3397 4080 Sicut
3415 4026 3572 4079 etiam

1982 4105 2241 4161 Salomon
2271 4116 2323 4163 et
2352 4108 2442 4162 alii
2473 4120 2596 4164 ante
2628 4110 2798 4166 altare
2831 4112 3199 4181 procidentes,
3226 4130 3571 4186 nequaquam

1981 4193 2139 4259 illud,
2173 4195 2281 4251 imo
2311 4197 2483 4251 Deum
2516 4198 2692 4252 solum
2721 4200 3041 4255 adorabunt.
3078 4203 3151 4255 Ita
3194 4210 3247 4256 et
3289 4218 3389 4257 nos
3442 4212 3571 4257 ante

1981 4298 2196 4337 crucem
2225 4300 2405 4354 genua
2437 4285 2734 4349 flectentes,
2769 4304 3118 4360 nequaquam
3149 4306 3363 4346 crucem
3423 4291 3572 4346 illam

1980 4379 2070 4425 aut
2090 4372 2384 4444 imaginem
2417 4376 2831 4445 superpositam,
2865 4376 2973 4433 imo
3023 4379 3198 4434 Deum
3246 4381 3458 4435 Patrem
3516 4388 3568 4436 et

1983 4460 2171 4514 Filium
2203 4478 2358 4516 suum
2380 4464 2565 4518 Jesum
2598 4464 2878 4519 Christum
2911 4466 3234 4522 adoramus.

2050 4582 2299 4636 Morsss.
2335 4583 2488 4638 Ratio
2519 4584 2705 4654 utique
2735 4593 2879 4639 esset
2908 4587 3049 4656 quod
3081 4587 3239 4651 dicis,
3275 4588 3319 4641 si
3349 4603 3567 4645 crucem

1980 4668 2127 4724 illam
2159 4686 2328 4739 super
2350 4688 2513 4741 quam
2547 4672 2859 4727 immolatus
2890 4682 2972 4728 est
3002 4674 3100 4729 Dei
3129 4679 3316 4747 Agnus
3338 4676 3568 4732 habere-

1982 4758 2073 4813 tis.
2113 4760 2218 4813 Sed
2250 4776 2390 4815 nunc
2421 4761 2658 4815 adoratis
2690 4777 2905 4817 crucem
2954 4763 3138 4830 aliam,
3187 4780 3350 4834 super
3406 4782 3564 4836 quam

1980 4863 2256 4918 nunquam
2287 4848 2384 4903 fuit
2415 4852 2605 4921 Agnus
2638 4850 2723 4904 ille
2753 4849 3081 4905 immolatus.

2051 4963 2293 5017 Penus.
2331 4965 2575 5020 Profecto
2596 4981 2810 5021 crucem
2832 4966 2979 5020 illum
3000 4966 3204 5037 ubique
3229 4968 3433 5023 habere
3453 4985 3562 5025 non

1976 5066 2285 5119 pOSsumus,
2321 5071 2485 5124 quare
2516 5070 2618 5110 nec
2648 5056 2843 5110 mirum
2876 5071 2976 5110 nec
3008 5056 3208 5109 malum
3241 5065 3342 5120 est,
3369 5058 3413 5110 si
3433 5073 3563 5112 cru—

1974 5154 2065 5193 ces
2096 5139 2231 5194 alias
2264 5142 2332 5195 ad
2365 5143 2483 5211 ejus
2502 5143 2905 5199 similitudinem
2928 5144 3212 5208 faciamus,
3235 5154 3289 5198 ut
3312 5145 3561 5216 quiillam

1975 5228 2171 5281 Christi
2201 5245 2426 5285 crucem
2458 5248 2565 5286 non
2600 5233 2868 5297 viderunt,
2911 5234 3044 5287 alias
3090 5234 3276 5287 saltem
3327 5251 3449 5305 qua:
3491 5236 3565 5290 ad

1973 5316 2115 5370 illius
2147 5317 2560 5373 similitudinem
2594 5321 2746 5376 factae
2783 5331 2914 5376 sunt
2954 5321 3199 5387 videant,
3261 5330 3314 5376 et
3365 5324 3565 5383 sacrifi-

1972 5404 2117 5459 cium
2148 5406 2291 5475 quod
2324 5407 2375 5460 in
2410 5407 2505 5461 illa
2537 5408 2731 5465 factum
2761 5420 2842 5464 est
2876 5411 3228 5466 recordentur
3271 5420 3432 5481 atque
3473 5413 3562 5467 in—

1972 5492 2216 5565 telligant
2246 5495 2707 5563 quemadmodum
2739 5499 2906 5552 etiam
2940 5497 3052 5553 filii.
3087 5498 3192 5554 Sed
3222 5507 3275 5553 et
3304 5498 3398 5553 ﬁlii
3447 5500 3562 5555 Ru-

1969 5580 2073 5635 ben
2106 5581 2278 5635 altare
2308 5590 2723 5639 construxerant
2744 5592 2895 5639 trans
2924 5587 3218 5641 Iordanem
3243 5587 3316 5642 ad
3362 5589 3558 5643 simili-

1969 5665 2213 5719 tudinem
2247 5665 2429 5720 altaris
2450 5667 2591 5721 illius
2622 5668 2892 5735 Hiericho,
2925 5680 2979 5724 ut
3014 5671 3108 5724 ﬁlii
3142 5672 3223 5725 sui
3254 5681 3303 5725 et
3332 5689 3555 5742 uxores,

1970 5753 2061 5823 qui
2095 5754 2395 5807 ascendere
2426 5770 2533 5807 non
2584 5764 2879 5825 potuerunt
2932 5758 3063 5811 illud
3122 5760 3449 5825 aspicerent,
3500 5760 3555 5814 in

1968 5837 2342 5892 testimonium
2374 5845 2583 5892 tantum
2619 5840 2843 5894 alterius
2872 5849 2920 5895 et
2966 5841 3359 5912 cognitionem,
3420 5844 3561 5899 sicut

1964 5922 2019 5979 in
2050 5924 2191 5980 libro
2221 5926 2387 5986 Josue
2417 5925 2678 5998 scriptum
2708 5929 2913 5999 poteris
2942 5928 3182 5984 invenire
3214 5929 3344 5999 (los.
3380 5932 3547 6001 xxii).
