3966 6398
381 394 475 448 671
1348 394 1547 452 PETRI
1588 396 1933 453 ALPHONSI
1973 398 2071 455 EX
2105 400 2347 459 ΠΗ)Εο
2388 401 2741 459 CHISTIANI

452 514 718 572 Movsss.
758 514 981 571 Multum
1014 523 1163 571 certe
1191 516 1289 569 tibi
1319 515 1468 571 dedit
1497 518 1642 573 Deus
1672 517 1974 589 sapientiae,
2008 527 2059 583 Α
2094 524 2139 577 si
2167 531 2223 578 tu
2255 524 2401 596 quod
2433 525 2729 593 credimus,
2764 526 2880 596 ipse
2911 526 3072 582 etiam
3103 525 3382 592 crederes,
3414 536 3468 583 et
3510 527 3697 600 bapti-

382 612 435 659 et
465 612 518 660 te
550 603 790 675 plurima
819 604 1109 660 illustravit
1155 603 1386 672 ratione,
1436 607 1581 677 quod
1629 605 1682 660 in
1729 615 1783 661 te
1828 608 1981 663 Scri-

379 700 557 764 pturas
587 692 949 765 intelligentia
974 702 1114 747 tanta
1144 693 1231 759 sit,
1257 702 1313 747 ut
1343 701 1392 749 te
1408 710 1667 765 superare
1686 712 1978 769 nequeam,

379 782 491 839 imo
511 782 653 853 quod
685 781 1063 838 contradicam
1095 798 1207 838 non
1237 782 1491 838 habeam.

457 877 701 932 Ρετιιυε.
742 878 858 932 Hoc
880 877 1072 947 procul
1104 876 1271 932 dubio
1300 877 1503 933 donum
1535 879 1709 934 sancti
1747 879 1981 951 Spiritus

382 965 642 1035 baptismi
674 965 860 1035 gratia
888 965 1132 1030 contulit,
1166 982 1288 1037 quae
1318 966 1483 1021 corda
1515 975 1705 1022 nostra
1735 968 1810 1022 ita
1851 968 1979 1023 illu-

382 1054 569 1121 minat,
599 1070 667 1108 ne
700 1053 824 1108 falsi
858 1052 1065 1125 aliquid
1099 1055 1334 1109 credere
1356 1069 1783 1126 pra-sumamus.
1828 1056 1985 1127 Quod

2091 612 2197 667 zari
2229 620 2281 667 te
2306 612 2534 678 faceres,
2561 614 2814 669 eamdem
2836 616 3079 685 Spiritus
3109 616 3282 672 sancti
3331 616 3696 673 illuminatio-

2090 716 2221 755 nem
2256 702 2509 765 haberes,
2544 710 2598 756 ut
2630 711 2833 773 etquae
2875 719 3004 759 vera
3051 712 3182 760 sunt
3228 720 3586 774 agnosceres,
3637 715 3698 762 et

2090 806 2211 861 quae
2243 788 2377 845 falsa
2409 805 2722 861 respueres.
2752 793 2911 848 Nunc
2939 801 3139 861 autem,
3174 793 3432 865 quoniam
3453 803 3698 866 superte

2090 877 2344 948 pietatem
2375 878 2572 943 habeo,
2606 878 2706 933 Dei
2734 878 3169 936 misericordiam
3196 880 3449 952 imploro,
3484 890 3541 937 ut
3571 882 3701 954 Spi-

2094 965 2230 1020 ritus
2263 966 2347 1021 sui
2377 966 2723 1037 plenitudine
2756 976 2809 1024 te
2838 968 3090 1035 illustret,
3126 977 3180 1025 et
3208 967 3373 1025 ﬁnem
3405 971 3697 1027 meliorem

2096 1070 2257 1127 quam
2289 1054 2614 1127 principium
2645 1055 2739 1110 tibi
2769 1065 3014 1128 praestet.
3048 1061 3253 1113 Amen.

897 1394 1939 1547 DISCIPLINA
2068 1391 3132 1547 CLEBICALIS

1127 1700 1727 1806 AUCTORE
1793 1700 2216 1804 PETRO
2272 1700 2941 1806 ALPHONSO

448 1940 628 2013 (Juxta
656 1939 949 1997 editionem
980 1941 1284 2013 principem
1309 1942 1530 1997 Parisiis
1559 1958 1703 1999 anno
1737 1944 1876 2001 1824
1908 1951 2135 1999 curante
2174 1944 2247 1999 D.
2307 1943 2685 2009 Lxsounaam,
2729 1942 3141 1998 Avenionensis
3171 1941 3434 1999 Ecclesiae
3465 1941 3676 1998 vicario

379 2011 641 2095 generali,
670 2014 872 2095 datam,
907 2011 1048 2095 typis
1080 2011 1351 2093 Rignoux,
1385 2014 1571 2095 initi.
1599 2043 1668 2095 -έ-
1696 2015 1881 2095 Tomis
1910 2014 2254 2095 duobus_seu
2285 2015 2538 2095 partibus
2566 2022 2799 2095 constat,
2849 2029 3084 2095 quorum
3135 2014 3362 2095 primus,
3416 2014 3516 2094 sub
3566 2029 3681 2095 uno

380 2090 678 2153 conspectu
708 2084 927 2137 exhibet
952 2084 1165 2139 textum
1187 2084 1566 2155 primigenium
1597 2094 1650 2140 et
1681 2086 1993 2141 versionem
2025 2086 2310 2153 Gallicam,
2335 2085 2539 2150 saeculi,
2576 2093 2634 2139 ut
2665 2084 2897 2148 videtur,
2949 2084 3149 2139 decimi
3235 2084 3366 2138 uinti
3415 2084 3678 2147 ineuntis,

380 2155 464 2208 cui
496 2154 734 2224 titulus:
770 2155 845 2208 La
872 2154 1180 2224 Disripline
1209 2156 1275 2211 de
1308 2155 1543 2224 Clergie.
1577 2158 1797 2224 Incipit:
1833 2158 2022 2212 Pierre
2055 2156 2352 2224 Alphonse,
2386 2159 2511 2224 serf
2532 2157 2597 2211 de
2627 2156 3041 2220 limus-Crist,
3073 2157 3169 2224 qui
3182 2102 3280 2224 [2:1
3299 2157 3482 2211 aestui
3520 2156 3678 2221 (iure,

379 2155 464 2208 cui
496 2154 734 2228 titulus:
770 2155 845 2228 La
872 2154 1275 2228 Disripline’de
1308 2155 1543 2228 Clergie.
1577 2158 1797 2226 Incipit:
1833 2158 2022 2212 Pierre
2055 2156 2511 2228 Alphonse,serf
2532 2157 2597 2211 de
2627 2156 3041 2228 limus-Crist,
3073 2157 3169 2228 qui

3226 2160 3280 2211 st
3299 2157 3482 2211 aestui
3520 2156 3680 2221 (iure,

379 2223 726 2300 etc.__I)esinit
761 2239 772 2277 :
809 2225 883 2300 Cy
903 2223 1243 2300 ﬁne—Pierre
1264 2223 1567 2300 Alpho'nse.
1601 2223 1732 2282 Pars
1762 2228 2022 2300 secunda,
2056 2223 2178 2300 qua:
2206 2223 2527 2282 intitulatur.
2559 2228 2628 2282 Le
2649 2223 3412 2293 chastoiement,‘versionem
3433 2235 3681 2282 veteram

382 2294 646 2351 Gallicam
676 2294 923 2364 ejusdem
954 2296 1106 2365 libri,
1132 2294 1362 2355 metrica
1397 2302 1702 2362 exaratam,
1734 2298 1973 2353 exhibet.
1999 2294 2190 2369 Incipit
2224 2315 2236 2351 :

1560 2421 1664 2489 Qui
1693 2426 1821 2479 υεαί
1854 2422 2031 2479 honor
2059 2438 2129 2477 en
2159 2422 2328 2479 siccis
2358 2424 2515 2479 aveir

1554 2494 2001 2549 Premereiment
2037 2494 2155 2549 dcit
2180 2496 2384 2563 saveir,
2404 2504 2507 2550 etc.

381 2611 584 2686 Brodiit
612 2612 973 2686 postmodum
996 2613 1142 2686 Petri
1172 2614 1434 2685 Alpbonsi
1460 2615 1780 2686 Disciplina
1809 2616 2102 2672 clericalis
2134 2616 2282 2671 curis
2312 2617 2407 2671 Fr.
2448 2617 2548 2671 W.
2590 2615 2710 2671 Val.
2746 2615 2994 2681 Schmitt,
3043 2613 3282 2686 Berolini
3329 2614 3487 2680 t827,
3536 2612 3687 2685 apud

379 2682 595 2738 Theod.
616 2682 768 2739 ’Chr.
809 2683 899 2738 Fr.
935 2684 1146 2739 Enslin.
1179 2682 1253 2725 -—'
1276 2686 1409 2752 Nos,
1447 2682 1677 2757 utraque
1710 2686 1968 2743 versione
1995 2688 2220 2758 omissa,
2250 2696 2455 2743 textum
2487 2687 2732 2743 Latinum
2762 2685 3271 2759 repraesentamus.)

452 3018 596 3074 Dixit
653 3019 838 3075 Petrus
894 3018 1193 3083 Anfunsus,
1255 3035 1450 3075 servus
1505 3019 1708 3076 Christi
1779 3021 1972 3086 Jhesu,
2008 3031 2059 3093 Β
2089 3028 2214 3076 neat
2243 3018 2651 3091 quodammodo
2680 3016 2994 3074 necessario
3027 3013 3327 3071 mollienda
3374 3021 3428 3067 et
3473 3008 3688 3067 dulciﬁ-

379 3108 719 3180 compositor
749 3109 907 3178 hujus
939 3108 1105 3163 libri:
1141 3109 1359 3164 Gratias
1397 3125 1504 3181 ago
1553 3111 1669 3165 Deo
1716 3110 1807 3181 qui
1859 3108 1976 3181 pri-

380 3218 506 3257 mus
536 3211 620 3259 est
649 3202 769 3259 sine
801 3203 1097 3274 principio,
1132 3218 1165 3258 a
1191 3219 1301 3275 quo
1329 3206 1571 3259 omnium
1603 3204 1872 3259 honorum
1895 3209 1979 3258 est

378 3292 730 3363 principium,
765 3290 890 3346 linis
923 3292 1043 3348 sine
1071 3291 1197 3359 ﬁne,
1230 3293 1394 3347 totius
1420 3292 1549 3347 boni
1594 3292 1978 3362 complemen-

379 3388 511 3447 tum,
545 3381 763 3452 sapiens
793 3380 885 3452 qui
915 3381 1238 3451 sapientiam
1268 3382 1473 3451 praabet
1500 3380 1707 3437 homini
1736 3388 1787 3436 et
1817 3379 1982 3436 ratio-

379 3485 527 3538 nem,
559 3469 653 3541 qui
679 3484 781 3524 nos
811 3485 907 3523 sua
930 3469 1192 3540 aspiravit
1222 3469 1508 3538 sapientia,
1542 3478 1595 3524 et
1624 3486 1738 3525 suae
1758 3469 1985 3525 rationis

379 3552 707 3608 ammirabili
736 3553 1023 3608 illustravit
1051 3553 1312 3619 claritate,
1343 3561 1395 3609 et
1450 3552 1768 3609 multiformi
1810 3553 1985 3609 sancti

380 3640 616 3712 Spiritus
644 3641 727 3695 sui
755 3641 944 3697 ditavit
972 3642 1174 3714 gratia,
1208 3641 1332 3712 quia
1362 3642 1527 3714 igitur
1557 3658 1641 3697 me
1672 3643 1802 3698 licet
1849 3659 1983 3713 pec—

379 3740 623 3785 catorem
645 3730 791 3784 Deus
820 3729 1140 3785 multimoda
1169 3731 1364 3785 vestire
1386 3732 1644 3802 dignatus
1665 3739 1750 3785 est
1769 3731 1985 3802 sapien—

379 3817 475 3883 tia,
509 3834 577 3873 ne
608 3817 833 3873 lucerna
861 3818 1024 3874 michi
1054 3818 1263 3874 credita
1293 3818 1397 3873 sub
1419 3818 1601 3875 modio
1628 3827 1771 3875 tecta
1792 3818 1982 3874 lateat.

378 3915 584 3971 Eodem
615 3914 811 3985 Spiritu
854 3914 1170 3988 instigante,
1212 3916 1278 3969 ad
1331 3916 1626 3971 multorum
1676 3916 1979 3972 utilitatem

375 4004 518 4060 hunc
550 4004 753 4059 librum
809 4019 1151 4075 componere
1207 4005 1540 4059 ammonitus
1589 4021 1731 4070 sum,
1800 4006 1983 4075 ipsum

375 4100 674 4158 obsecrans
704 4109 758 4155 ut
790 4100 914 4157 huic
942 4100 1110 4156 libelli
1141 4101 1245 4157 mei
1272 4102 1544 4173 principio
1573 4103 1777 4158 bonum
1812 4101 1982 4157 finem

376 4197 658 4270 adjungat,
693 4215 888 4271 meque
914 4199 1199 4267 custodiat,
1237 4215 1304 4254 ne
1335 4200 1463 4272 quid
1523 4200 1577 4254 in
1636 4216 1701 4256 eo
1753 4199 1972 4256 dicatur

380 4296 527 4367 quod
558 4313 671 4351 suae
702 4295 992 4367 displiceat
1023 4296 1318 4361 voluntati;
1352 4312 1533 4352 amen.
1570 4297 1718 4353 Deus
1742 4296 1911 4368 igitur
1931 4296 1987 4351 in

382 4384 488 4439 hoc
516 4384 777 4455 opusculo
809 4384 941 4439 mihi
971 4385 1040 4439 sit
1068 4385 1123 4439 in
1169 4385 1452 4451 auxilium,
1513 4384 1608 4457 qui
1657 4401 1745 4440 me
1786 4384 1986 4439 librum
2017 4396 2065 4458 ς,

380 4481 525 4536 hunc
551 4496 904 4552 componere,
938 4490 991 4536 et
1017 4481 1071 4535 in
1100 4482 1345 4537 Latinum
1379 4481 1668 4536 transferre
1700 4480 1984 4553 compulit.

383 4580 527 4634 Cum
557 4580 701 4635 enim
730 4579 871 4650 apud
914 4595 999 4634 me
1058 4579 1257 4650 saepius
1313 4579 1663 4636 retractando
1723 4580 1981 4634 humanas

379 4683 582 4724 causas
610 4668 904 4724 creationis
934 4668 1251 4723 omnimoda
1299 4670 1437 4723 scire
1488 4668 1825 4735 laborarem,
1876 4668 1982 4722 hu-

378 4783 599 4823 manum
629 4768 845 4838 quidem
873 4767 1153 4838 ingenium
1183 4767 1365 4821 inveni
1404 4782 1469 4820 ex
1502 4766 1790 4836 praeceptis
1838 4765 1992 4820 Con—

379 4856 574 4912 ditoris
601 4858 667 4910 ad
700 4858 802 4912 hoc
828 4873 951 4912 esse
966 4856 1300 4927 deputatum,
1327 4862 1383 4908 ut
1414 4854 1675 4925 quamdiu
1700 4862 1783 4908 est
1804 4854 1859 4907 in
1885 4857 1990 4909 hoc

383 4945 604 5009 saeculo.
639 4946 692 4999 in
722 4953 929 5002 sanctae
958 4945 1175 4999 studeat
1205 4944 1600 4999 exercitatione
1621 4940 1989 5013 philosophia:

382 5059 485 5114 per
511 5058 674 5115 quam
706 5043 776 5099 de
804 5050 1051 5099 creatore
1079 5057 1180 5096 suo
1211 5041 1491 5096 meliorem
1521 5047 1574 5093 et
1594 5041 1865 5109 majorem
1887 5040 1987 5095 ha-

386 5132 511 5187 beat
539 5132 805 5197 notitiam,
839 5139 891 5187 et
921 5131 1203 5186 moderata
1233 5130 1446 5183 studeat
1476 5129 1669 5184 vivere
1690 5128 1986 5185 continen-

384 5221 476 5286 tia,
508 5230 562 5276 et
598 5222 669 5276 ab
699 5220 1108 5276 imminentibus
1138 5220 1275 5273 sciat
1303 5218 1407 5272 sibi
1437 5232 1750 5288 praecavere
1788 5217 1986 5272 adver-

383 5310 655 5379 sitatibus,
688 5326 866 5382 eoque
896 5310 1110 5363 tramite
1148 5306 1431 5379 gradiatur
1485 5305 1544 5360 in
1601 5306 1829 5372 saeculo,
1890 5305 1985 5377 qui

382 5422 507 5462 eum
534 5407 704 5463 ducat
732 5406 802 5462 ad
834 5420 1065 5478 regnum
1095 5403 1381 5460 castorum.
1415 5401 1574 5471 Quod
1597 5403 1642 5456 si
1660 5402 1712 5457 in
1737 5401 1984 5473 prtet'atas

385 5505 591 5551 sanctae
613 5495 918 5567 disciplinas
933 5494 1121 5550 notitia
1143 5492 1359 5558 vixerit,
1380 5494 1485 5547 hoc
1505 5491 1727 5563 quidem
1749 5508 1848 5563 pro
1879 5506 1988 5563 quo

384 5600 600 5646 creatus
628 5600 728 5657 est,
762 5590 1075 5659 complevit,
1107 5590 1381 5661 debetque
1404 5591 1680 5661 perfectus
1697 5585 1985 5659 appellari.

386 5688 659 5760 Fragilem
687 5690 850 5744 etiam
881 5688 1116 5744 hominis
1141 5686 1574 5757 complexionem
1608 5703 1733 5742 esse
1794 5684 1982 5742 consi-

385 5785 594 5853 deravi,
627 5801 767 5858 qua,
798 5802 866 5840 ne
897 5785 1112 5842 mdium
1142 5785 1395 5854 incurrat,
1427 5783 1617 5856 paucis
1663 5783 1985 5839 instruenda

389 5887 491 5938 est.
522 5882 728 5940 Duritia
755 5897 974 5955 quoque
1000 5881 1125 5951 ejus
1148 5882 1467 5939 recordatus
1496 5889 1552 5938 ut
1590 5880 1803 5937 facilius
1855 5880 1985 5936 reti-

2013 5750 2066 5812 D

2091 3109 2269 3165 cauda
2299 3117 2402 3175 est,
2438 3108 2559 3180 quia
2581 3118 2636 3163 et
2675 3106 2947 3162 obliviosa
2970 3110 3074 3171 est,
3109 3103 3294 3158 multis
3324 3101 3532 3174 indiget
3561 3116 3684 3172 quas

2091 3197 2382 3254 oblitorum
2417 3196 2620 3252 faciant
2649 3194 2952 3252 recordari.
2980 3195 3275 3264 Pr0pterea
3287 3189 3528 3246 libellum
3544 3203 3692 3245 com-

2090 3287 2238 3358 pegi,
2270 3286 2471 3357 partim
2502 3301 2567 3340 ex
2614 3284 2921 3355 proverbiis
2966 3280 3439 3354 philosophorum,
3485 3285 3540 3333 et
3577 3276 3692 3333 suis

2091 3370 2542 3443 castigationibus
2568 3368 2840 3438 Arabicis,
2890 3375 2944 3423 et
3000 3364 3258 3430 faubulis,
3317 3371 3371 3418 et
3418 3362 3687 3430 versibus,

2092 3459 2289 3529 partim
2320 3473 2392 3515 ex
2423 3457 2741 3512 animalium
2772 3465 2826 3512 et
2877 3457 3164 3511 volucrum
3223 3450 3689 3507 similitudinibus.

2093 3549 2312 3603 Modum
2346 3554 2528 3601 autem
2559 3544 2903 3601 consideravi
2935 3559 3005 3599 ne
3049 3542 3095 3598 si
3151 3540 3309 3613 plura
3364 3538 3692 3595 necessariis

2093 3636 2435 3708 scripserim,
2468 3634 2671 3705 scripta
2704 3632 2863 3689 oneri
2907 3632 3088 3704 potius
3134 3632 3240 3685 sint
3288 3628 3481 3686 lectori
3527 3640 3692 3700 quam

2094 3724 2341 3781 subsidio
2372 3732 2425 3779 et
2456 3723 2765 3795 legentibus
2797 3729 2851 3777 et
2879 3719 3230 3776 audientibus
3272 3716 3601 3773 desiderium
3640 3723 3694 3771 et

2093 3814 2319 3871 occasio
2352 3811 2659 3869 ediscendi.
2700 3810 2948 3867 Scientes
2970 3824 3102 3865 vero
3121 3824 3222 3879 per
3241 3824 3304 3862 ea
3325 3823 3447 3879 quae
3462 3804 3550 3861 hic
3563 3819 3692 3861 con-

2096 3904 2351 3969 tinentur,
2385 3901 2676 3958 oblitorum
2708 3897 3149 3955 reminiscantur.
3183 3896 3320 3953 Huic
3357 3893 3543 3950 libello
3587 3909 3691 3949 no-

2094 4009 2228 4047 men
2257 3992 2570 4063 injungens,
2600 3997 2651 4045 et
2682 3996 2764 4043 est
2794 4004 2859 4043 ex
2887 4003 2965 4053 re,
2998 3986 3053 4041 id
3084 3994 3497 4041 estcaenicms
3514 3984 3692 4038 Discr-

2094 4095 2277 4137 rum.
2304 4080 2502 4136 Reddit
2538 4080 2685 4133 enim
2724 4075 2984 4133 clericum
3026 4074 3454 4145 disciplinatum.
3504 4072 3695 4127 Vitan-

2095 4171 2225 4225 dum
2256 4178 2436 4224 tamen
2458 4167 2685 4223 decrevi
2714 4181 2816 4238 pro
2846 4162 3207 4236 possibilitate
3238 4177 3434 4218 sensus
3453 4160 3582 4227 mei,
3625 4174 3693 4215 ns

2094 4258 2224 4331 quid
2256 4258 2313 4312 in
2346 4266 2537 4312 nostro
2561 4259 2792 4311 tractatu
2825 4252 3134 4308 inveniatur
3163 4250 3311 4323 quod
3349 4252 3550 4305 nostra
3565 4264 3693 4306 cre-

2095 4345 2307 4402 dulitati
2338 4345 2407 4400 sit
2436 4342 2798 4408 contrarium,
2833 4342 2964 4397 vela
2995 4347 3182 4395 nostra
3228 4337 3335 4395 fide
3382 4339 3684 4395 diversum.

2095 4436 2176 4489 Ad
2207 4434 2353 4506 quod
2382 4432 2604 4503 adjuvet
2635 4447 2728 4487 me
2759 4430 3109 4501 omnipotens
3136 4429 3285 4484 Deus
3313 4427 3400 4483 cui
3430 4442 3598 4498 super
3617 4425 3689 4480 ni-

2100 4533 2203 4580 tor.
2228 4526 2427 4579 Amen.

2168 4648 2225 4703 Si
2247 4646 2367 4720 quis
2399 4655 2577 4701 tamen
2611 4645 2714 4700 hoc
2743 4642 3070 4715 opusculum
3091 4642 3333 4696 humano
3356 4646 3409 4695 et
3441 4638 3693 4695 exteriori

2097 4746 2256 4802 oculo
2282 4743 2637 4817 percurrerit,
2674 4751 2726 4797 et
2747 4741 2876 4814 quid
2908 4741 2960 4794 in
2985 4755 3050 4795 eo
3082 4738 3227 4811 quod
3260 4738 3487 4792 humana
3505 4751 3691 4808 parum

2097 4845 2237 4900 cavit
2267 4851 2479 4907 natura,
2514 4840 2731 4907 viderit,
2763 4837 3029 4894 subtiliori
3059 4836 3220 4892 oculo
3252 4835 3444 4891 iterum
3487 4842 3541 4890 et
3589 4834 3688 4889 ite-

2099 4957 2221 4995 rum
2250 4941 2508 5013 relegere
2530 4954 2749 5004 moneo,
2785 4945 2841 4992 et
2870 4936 3091 4991 demum
3123 4943 3175 4990 et
3206 4934 3330 5008 ipsi,
3362 4943 3416 4989 et
3442 4933 3690 4991 omnibus

2096 5038 2383 5095 catholicae
2412 5036 2540 5091 fidei
2570 5034 2835 5107 perfectis
2864 5033 3259 5106 corrigendum
3285 5048 3501 5104 appono
3525 5049 3538 5085 ε
3563 5030 3691 5085 nihil

2095 5136 2242 5192 enim
2271 5135 2326 5190 in
2356 5134 2610 5190 humanis
2641 5131 2948 5188 actionibus
2979 5130 3283 5202 perfectum
3315 5138 3467 5201 putat
3513 5128 3691 5199 philo-

2095 5232 2328 5306 s0phus.

2168 5347 2353 5404 Enoch
2380 5346 2759 5418 philosophus,
2796 5344 2886 5416 qui
2923 5344 3109 5418 lingua
3136 5344 3366 5401 Arabica
3415 5342 3691 5417 cognomi-

2097 5444 2258 5492 natur
2284 5436 2474 5502 Edric,
2508 5435 2650 5489 dixit
2674 5434 2787 5489 tilio
2819 5451 2917 5490 suo
2941 5452 2954 5487 :
2979 5435 3172 5489 Timor
3186 5433 3403 5489 Domini
3437 5433 3507 5488 sit
3533 5447 3693 5504 nego-

2098 5524 2249 5580 tiatio
2280 5532 2391 5589 tua,
2425 5532 2479 5579 et
2502 5522 2683 5579 veniet
2731 5522 2826 5577 tibi
2877 5523 3088 5579 lucrum
3134 5522 3254 5577 sine
3296 5521 3507 5577 labore.
3556 5521 3695 5576 Dixit

2097 5614 2312 5686 quidam
2343 5613 2745 5684 philosophus:
2779 5610 2887 5679 Qui
2941 5610 3095 5668 timet
3152 5612 3348 5678 Deum,
3407 5609 3592 5666 omnia
3626 5609 3693 5664 ti-

2097 5710 2245 5759 ment
2273 5717 2396 5757 eum
2431 5718 2446 5764 ;
2479 5702 2571 5773 qui
2600 5716 2734 5756 vero
2775 5715 2885 5755 non
2924 5707 3077 5755 timet
3131 5699 3326 5764 Deum,
3381 5699 3500 5770 ipse
3550 5698 3692 5755 timet

2096 5791 2301 5847 omnia.
2334 5790 2478 5845 Dixit
2507 5789 2648 5844 alius
2677 5788 3037 5859 philosophus
3063 5806 3074 5843 :
3100 5787 3202 5858 Qui
3229 5788 3384 5845 timet
3403 5787 3688 5852 Deum,di-

2092 5879 2212 5953 ligit
2241 5895 2363 5936 eum
2388 5896 2404 5947 ;
2433 5878 2527 5950 qui
2555 5878 2708 5933 timet
2737 5878 2930 5946 Deum,
2969 5877 3159 5935 obedit
3188 5879 3328 5935 Deo.
3361 5875 3507 5934 Dixit
3523 5876 3688 5932 Arabs
