3966 6502
298 493 389 552 673
1618 510 2006 571 DISCIPLINA
2043 515 2442 573 CLERICALIS
2455 560 2469 573 .
3593 535 3695 590 674

303 620 352 675 in
380 640 561 683 versu
580 648 703 722 suo
745 653 764 690 :
807 637 1161 693 Inobediens
1187 653 1245 692 es
1270 637 1385 693 Deo
1413 636 1458 691 si
1486 636 1707 693 simulas
1739 646 1790 692 te
1817 638 1991 693 Deum
2024 642 2076 701 A
2108 640 2361 710 Iosephus
2394 661 2404 697 :
2440 643 2588 699 Multi
2617 654 2740 700 sunt
2768 647 2897 703 dum
2927 658 3274 706 numerantur
3301 655 3479 722 amici,
3533 658 3694 713 sedin

308 725 543 815 efflare,-
562 729 627 775 et
663 721 1037 781 incredibile
1069 733 1147 785 est
1177 741 1190 794 ;
1223 726 1268 779 si
1298 741 1424 780 vere
1461 743 1582 779 eum
1606 743 1831 795 amares,
1869 727 1998 783 obe-
2105 731 2417 785 necessitate
2444 733 2622 801 pauci.
2658 734 2803 790 Vade
2833 737 2901 791 ad
2931 737 3213 793 dimidium
3245 721 3479 798 amicum
3534 762 3693 815 quem

315 798 460 896 dires
490 806 595 877 ei;
632 827 789 868 nam
829 815 937 885 qui
986 823 1149 879 amat,
1181 813 1385 868 obedit.
1444 814 1593 868 Dixit
1616 815 1864 869 Socrates
1919 814 2001 869 di-
2106 816 2298 883 habeo,
2333 827 2383 873 et
2412 798 2536 875 vide
2565 822 2690 891 quid
2731 824 2875 880 dicat
2906 826 3019 880 tibi.
3054 828 3228 896 Venit,
3287 839 3338 885 et
3391 798 3698 889 sicurae;

324 892 558 989 scipulis
590 901 724 954 suis
762 921 778 955 :
824 902 1027 958 Videte
1066 919 1132 956 ne
1161 902 1276 956 sitis
1305 903 1419 957 Deo
1472 902 1785 957 obedientcs
1815 911 1868 957 et
1920 904 2001 958 in-
2105 905 2311 961 dixerat
2345 908 2467 962 huic
2486 909 2639 979 dixit,
2673 912 2764 981 qui
2794 914 2867 967 ait
2902 933 2912 968 :
2952 938 2974 962 α
3010 917 3153 970 Intra
3194 892 3438 989 domum,
3479 937 3589 977 non
3618 933 3697 979 est

336 981 679 1084 obedientes
714 990 781 1084 in
804 991 1036 1084 eodem.
1069 990 1262 1084 Dicunt
1282 990 1331 1043 ei
1366 990 1648 1084 :‘linuclea
1678 992 1833 1084 nobis
1855 991 1998 1084 quod
2104 1005 2206 1058 hoc
2234 1013 2496 1059 secretum
2518 1007 2661 1076 quod
2691 1009 2882 1064 vicinis
2909 1010 3103 1066 debeat
3130 981 3698 1084 propalari.'nEmissa

345 1070 505 1172 dicis.
540 1074 657 1172 Qui
694 1077 781 1132 ait
819 1098 833 1133 :
870 1078 1138 1172 Dimittite
1187 1078 1511 1172 ilypoct'isim
1544 1093 1557 1146 ;
1592 1087 1671 1172 est
1700 1079 1843 1172 euim
1860 1080 1998 1172 _hy-
2106 1107 2237 1163 ergo
2266 1110 2431 1149 uxore
2462 1070 2583 1149 cum
2610 1097 2755 1151 omni
2790 1098 2996 1154 familia
3023 1070 3150 1167 sua:
3170 1070 3687 1172 sepulturam—fodit:

356 1164 837 1269 pocrisis‘coram
870 1166 1186 1269 hominibus
1223 1165 1474 1220 simulare
1504 1182 1562 1269 se
1609 1166 1829 1265 obedire
1860 1167 1995 1234 D80,
2106 1182 2238 1234 Cum
2266 1189 2445 1236 autem
2493 1184 2579 1238 ille
2636 1186 2820 1241 omnia
2874 1188 3080 1244 videret
3125 1164 3330 1261 parata,
3378 1211 3491 1250 rem
3540 1207 3697 1269 prout

368 1252 424 1305 in
449 1254 669 1309 occulto
734 1270 876 1311 vero
910 1254 1309 1309 inobedientem
1340 1270 1475 1308 esse.
1510 1255 1650 1309 Dicit
1677 1255 1725 1309 ei
1756 1272 1892 1309 unus
1929 1272 1997 1309 ex

375 1341 654 1413 discipulis
684 1344 803 1397 suis
838 1362 851 1397 :
890 1344 1085 1396 Est-nc
1115 1342 1259 1397 aliud
1289 1358 1461 1413 genus
1514 1343 1810 1413 hypocrisis
1854 1344 1998 1399 unde

378 1431 587 1484 homini
611 1431 929 1486 cavendum
957 1431 1024 1484 sit
1051 1432 1079 1483 9
1108 1430 1237 1483 dicit
1257 1431 1504 1485 Socrates
1527 1450 1539 1484 :
1567 1432 1657 1484 Est
1686 1433 1850 1487 homo
1905 1431 1995 1501 qui

387 1520 441 1573 in
504 1527 694 1591 aperto
779 1528 833 1575 et
909 1535 1017 1574 non
1088 1519 1143 1572 in
1200 1519 1408 1573 occulto
1491 1518 1711 1573 obedire

388 1616 643 1685 ostendit,
726 1624 788 1670 ut
847 1623 1066 1671 sanctus
1120 1614 1190 1669 ab
1272 1616 1525 1670 omnibus
1607 1616 1886 1680 habeatur,
1944 1624 1997 1670 et

391 1705 463 1759 ab
492 1705 571 1759 eis
596 1704 720 1759 ideo
766 1704 890 1775 plus
945 1705 1253 1758 honoretur.
1286 1704 1380 1758 Est
1406 1704 1543 1758 alius
1599 1704 1697 1758 isto
1751 1704 1997 1760 subtilior

389 1802 483 1871 qui
515 1802 657 1856 hanc
713 1800 973 1871 relinquit
999 1800 1323 1871 hjpocrisim
1356 1809 1412 1855 ut
1451 1801 1642 1871 majori
1693 1802 1985 1856 deserviat.

391 1892 528 1945 Cum
561 1889 707 1944 enim
758 1888 995 1959 jejunat,
1053 1888 1137 1942 vel
1197 1888 1567 1959 eleemoynam
1613 1888 1758 1955 facit,
1819 1897 1870 1943 et
1926 1890 1994 1944 ab

1785 1537 1841 1573 se
1880 1520 1994 1575 Deo

388 1994 458 2034 eo
504 1979 761 2048 quaeritur
814 1977 859 2031 si
918 1976 1121 2043 fecerit,
1173 1978 1505 2047 respondet:
1538 1978 1683 2032 Deus
1726 1978 1843 2045 scit,
1904 1979 1988 2032 vel
2020 1992 2070 2052 Β

387 2090 523 2141 non,
572 2082 629 2127 ut
684 2074 738 2126 in
787 2072 984 2142 majori
1022 2073 1321 2127 reverentia
1375 2072 1635 2128 habeatur
1683 2080 1737 2127 et
1790 2074 1997 2128 dicatur

387 2162 538 2231 quod
572 2162 848 2233 hypocrita
881 2176 987 2217 non
1017 2167 1097 2215 est
1125 2161 1216 2230 qui
1248 2161 1556 2216 hominibus
1586 2161 1783 2217 factum
1839 2180 1993 2216 suum

388 2252 530 2305 nolit
557 2251 849 2322 prepalari.
883 2250 1058 2305 Credo
1106 2251 1266 2305 etiam
1296 2265 1496 2319 paucos
1525 2268 1639 2304 esse
1670 2251 1758 2320 qui
1814 2252 1995 2321 aliquo

389 2348 558 2417 hujus
580 2347 879 2418 hypocrisis
913 2364 1114 2419 genere
1144 2363 1249 2402 non
1272 2347 1609 2417 participent.
1642 2348 1827 2403 Videte
1883 2348 1993 2420 igi-

389 2444 481 2490 tur
510 2452 579 2491 ne
610 2437 709 2490 hac
738 2436 967 2503 seducti,
1001 2435 1199 2491 laboris
1228 2435 1386 2490 vestri
1416 2436 1637 2506 prazmio
1686 2436 1991 2509 privemini,

388 2524 542 2594 quod
575 2541 639 2579 ne
668 2525 949 2596 contingat
996 2525 1178 2579 omnia
1236 2524 1392 2578 facite
1422 2523 1623 2577 munda
1677 2524 1990 2592 intentione,

391 2639 463 2676 ne
494 2621 619 2675 inde
647 2622 882 2694 gloriam
915 2620 1112 2676 habere
1141 2621 1413 2691 quaeratis.
1452 2621 1600 2675 Dixit
1629 2621 1763 2676 alius
1809 2623 1991 2693 philo-

391 2712 648 2779 sophus:
691 2710 749 2765 Si
805 2711 922 2765 Deo
976 2708 1199 2763 ﬁrmiter
1254 2709 1550 2774 immiteris,
1610 2710 1792 2765 omnia
1839 2718 1994 2765 erunt

394 2814 649 2870 prospera
670 2813 994 2868 quocunque
1042 2798 1184 2851 ieris.
1235 2798 1471 2863 Balaam,
1506 2799 1594 2867 qui
1625 2798 1809 2870 lingua
1854 2802 1993 2854 Ara-

393 2895 515 2950 bica
534 2902 759 2951 vocatur
788 2895 1061 2949 Lucaman
1100 2895 1235 2963 (18),
1264 2893 1400 2947 dixit
1428 2892 1538 2948 ﬁlio
1567 2910 1663 2948 suo
1700 2914 1711 2949 :
1748 2895 1865 2962 Fili,
1926 2913 1992 2950 ne

395 2984 461 3037 sit
488 2983 717 3039 formica
750 2983 1046 3053 sapientior
1081 2989 1151 3049 te,
1185 2998 1305 3051 qua:
1350 2989 1647 3054 congregat
1700 2983 1753 3037 in
1810 2992 1992 3040 testate

396 3081 533 3135 unde
557 3082 706 3137 vivat
734 3081 791 3134 in
820 3082 1000 3135 hieme
1029 3080 1168 3147 .Fili,
1201 3096 1270 3134 ne
1290 3080 1357 3133 sit
1375 3080 1551 3151 gallus
1579 3080 1890 3151 vigilantior
1921 3089 1989 3150 te,

396 3169 485 3238 qui
514 3170 566 3223 in
598 3168 878 3224 matutinis
925 3168 1134 3241 vigilat,
1192 3176 1245 3222 et
1280 3176 1334 3222 tu
1386 3168 1606 3223 dormis.
1641 3169 1759 3236 Fili,
1817 3186 1884 3224 ne
1928 3169 1996 3223 sit

396 3258 572 3329 gallus
598 3257 792 3313 fortior
822 3265 891 3323 te,
913 3257 1001 3326 qui
1021 3255 1277 3327 justiﬁcat
1304 3256 1491 3311 decem
1546 3272 1742 3311 uxores
1761 3275 1901 3325 suas,
1937 3266 1990 3313 tu

2104 1285 2218 1331 erat
2254 1278 2502 1333 disseruit
2555 1282 2756 1351 gratias
2810 1300 2995 1355 agens.
3057 1286 3288 1343 Demum
3336 1293 3514 1346 retulit
3557 1296 3695 1365 patri

2105 1381 2225 1434 quae
2256 1366 2474 1423 fecerat.
2509 1369 2663 1423 Pater
2692 1387 2819 1427 vero
2848 1372 2983 1428 dixit
3016 1392 3027 1428 :
3066 1397 3088 1423 «
3126 1375 3224 1432 Pro
3257 1378 3344 1433 tali
3374 1381 3549 1436 amico
3581 1384 3698 1454 phi-

2104 1462 2359 1532 losophus
2388 1465 2504 1519 ait:
2542 1466 2637 1520 llic
2668 1476 2747 1521 est
2793 1486 2916 1524 vere
2963 1472 3168 1527 amicus
3223 1475 3311 1544 qui
3369 1485 3420 1531 te
3476 1479 3698 1549 adjuvat

2102 1566 2224 1604 cum
2260 1551 2353 1605 tibi
2380 1554 2634 1607 saeculum
2666 1554 2863 1611 deﬁcit.
2903 1580 2924 1605 ιι
2962 1559 3107 1614 Dixit
3153 1560 3293 1616 ﬁlius
3320 1565 3387 1618 ad
3437 1574 3642 1637 patrem
3678 1589 3689 1624 :

2108 1639 2352 1693 «Vidisti
2402 1642 2675 1697 hominem
2735 1646 2824 1714 qui
2876 1646 3144 1719 integrum
3176 1651 3280 1705 sibi
3328 1654 3561 1710 amicum
3616 1657 3695 1711 lu-

2100 1734 2277 1780 cratus
2307 1726 2466 1781 fuerit
2493 1731 2521 1781 ?
2554 1752 2576 1777 η
2612 1730 2759 1786 Tunc
2779 1742 2932 1803 pater
2964 1755 2975 1790 :
3016 1758 3037 1784 «ι
3070 1738 3193 1791 Non
3210 1739 3318 1794 vidi
3348 1742 3693 1811 quidem,sed

2099 1824 2301 1879 audivi.
2340 1849 2360 1873 ι»
2397 1827 2544 1883 Tunc
2572 1827 2710 1883 ﬁlius
2743 1850 2754 1885 :
2797 1854 2818 1879 «
2854 1833 3125 1890 Renuncia
3146 1838 3275 1892 mihi
3297 1839 3364 1893 de
3390 1856 3475 1909 eo,
3498 1843 3539 1896 si
3560 1843 3693 1898 forte

2102 1913 2260 1967 talem
2284 1914 2414 1968 mihi
2445 1917 2762 1986 acquisiero.
2798 1942 2819 1967 υ
2857 1924 2921 1976 At
2952 1932 3118 1993 pater.

2687 2079 2952 2137 FABULA
2990 2083 3064 2139 Il.

2172 2189 2417 2244 Relatum
2439 2199 2519 2246 est
2545 2194 2678 2248 mihi
2712 2194 2778 2249 de
2807 2196 3017 2251 duobus
3070 2201 3494 2271 negotiatoribus
3549 2221 3692 2275 quo-

2101 2291 2218 2330 rum
2249 2295 2385 2332 unus
2413 2289 2525 2334 erat
2557 2281 2609 2335 in
2640 2283 2889 2355 Egypto,
2913 2286 3047 2340 alter
3073 2287 3325 2356 Baldach,
3359 2308 3521 2361 seque
3575 2295 3689 2349 solo

2102 2364 2285 2419 auditu
2316 2379 2681 2439 cognoverant
2706 2379 2758 2424 et
2780 2388 2877 2442 per
2916 2373 3278 2431 internuncios
3320 2394 3419 2448 pro
3465 2381 3567 2435 sibi
3586 2397 3688 2437 ne-

2100 2454 2344 2508 cessariis
2366 2456 2666 2512 mittebant.
2691 2459 2930 2532 Contigit
2958 2471 3133 2516 autem
3191 2473 3249 2519 ut
3276 2467 3365 2535 qui
3396 2476 3510 2523 erat
3562 2470 3689 2524 Bal-

2100 2537 2237 2592 dach
2259 2538 2311 2591 in
2334 2541 2755 2611 negotiationem
2785 2544 2883 2598 iret
2904 2545 2958 2598 in
2986 2547 3295 2618 Egyptum.
3324 2551 3686 2623 Egyptiacus,

2101 2626 2283 2681 audito
2314 2628 2430 2697 ejus
2472 2629 2783 2698 adventum,
2843 2635 3072 2689 occurrit
3099 2637 3147 2689 ei
3206 2645 3257 2691 et
3285 2641 3516 2711 suscepit
3566 2658 3689 2696 eum

2098 2715 2342 2785 gaudens
2389 2716 2441 2769 in
2498 2717 2718 2772 domum
2746 2737 2918 2775 suam.
2975 2722 3036 2776 In
3064 2724 3315 2779 omnibus
3367 2728 3417 2781 ei
3471 2731 3693 2785 servivit

2100 2804 2237 2857 sicut
2258 2819 2376 2858 mos
2413 2812 2493 2859 est
2539 2808 2834 2862 amicorum
2890 2826 2989 2879 per
3015 2820 3135 2867 octo
3163 2813 3297 2881 dies,
3357 2824 3410 2870 et
3463 2819 3694 2873 ostendit

2101 2891 2149 2945 ei
2188 2906 2378 2947 omnes
2416 2896 2683 2951 manerias
2730 2905 2915 2953 cantus
2971 2916 3103 2968 quas
3139 2903 3373 2959 habebat
3420 2905 3475 2959 in
3529 2907 3692 2964 domo

2096 3005 2211 3043 sua.
2246 2989 2430 3043 Finitis
2460 2998 2579 3045 octo
2609 2992 2799 3047 diebus
2848 2994 3146 3053 inﬁrmatus
3205 3009 3302 3069 est,
3335 3002 3479 3071 quod
3535 3005 3689 3059 valde

2098 3077 2337 3148 graviter
2364 3078 2613 3133 dominus
2641 3081 2710 3136 de
2730 3082 2905 3138 amico
2934 3101 3030 3140 suo
3062 3086 3255 3156 ferens,
3288 3090 3481 3145 accivit
3505 3108 3694 3148 omnes

2101 3165 2338 3220 medicos
2366 3166 2710 3238 Egyptiacos
2726 3178 2783 3225 ut
2801 3172 3032 3226 amicum
3056 3175 3313 3232 viderent.
3329 3179 3520 3235 Medici
3540 3198 3689 3252 vero,

2104 3253 2320 3324 palpato
2352 3255 2505 3325 pulsu
2546 3256 2737 3311 iterum
2788 3266 2841 3313 et
2867 3259 3057 3315 iterum
3087 3273 3328 3334 respecta
3358 3267 3528 3335 urina,
3571 3270 3691 3324 nul-

394 3346 563 3399 solam
595 3345 863 3417 castigare
911 3360 1017 3399 non
1066 3352 1236 3415 potes.
1270 3344 1389 3413 Fili,
1438 3361 1505 3399 ne
1525 3344 1592 3398 sit
1637 3346 1785 3399 canis
1831 3346 1991 3400 corde
2022 3342 2207 3409 Clam
2248 3342 2303 3395 in
2331 3358 2395 3397 eo
2450 3355 2819 3415 cognoverunt
2863 3347 3247 3418 inﬁrmitatem,
3305 3362 3354 3407 et
3411 3355 3538 3424 quia
3595 3374 3693 3427 per

395 3434 630 3488 nohilior
650 3441 720 3501 te,
753 3433 844 3503 qui
904 3431 1307 3488 benefactorum
1364 3449 1578 3487 suorum
1637 3450 1744 3488 non
1789 3434 1990 3489 oblivi-

392 3522 558 3577 scitur
587 3542 598 3577 :
635 3530 689 3576 tu
719 3530 900 3577 autem
931 3521 1335 3577 benefactorum
1366 3529 1577 3576 tuorum
1624 3522 1981 3577 Oblivisceris.

391 3610 514 3679 Fili,
550 3626 618 3666 ne
644 3609 893 3665 videatur
922 3610 1015 3664 tibi
1046 3625 1236 3680 parum
1266 3625 1430 3663 unum
1464 3610 1662 3665 habere
1690 3611 1986 3681 inimicum,

391 3700 478 3754 vel
510 3699 736 3754 nimium
767 3698 917 3753 mille
937 3697 1137 3753 habere
1165 3697 1370 3753 amicos
1402 3713 1415 3767 ;
1448 3694 1567 3754 dico
1590 3699 1703 3753 tibi.

906 3858 1173 3912 FABULA
1240 3855 1450 3912 PRIMA
1461 3898 1473 3910 .

462 3968 635 4023 Arabs
662 3968 974 4035 moriturus,
1000 3974 1191 4023 vocato
1220 3966 1331 4021 ﬁlio
1348 3983 1466 4035 suo,
1492 3967 1658 4023 dixit:
1693 3990 1714 4015 «ι
1742 3969 1861 4037 Dic,
1893 3967 1987 4035 ﬁli,

391 4064 522 4125 quot
550 4055 667 4125 tibi,
701 4055 830 4109 dum
862 4055 1061 4121 vixisti,
1084 4055 1394 4124 acquisieris
1408 4055 1612 4110 amicos
1639 4058 1666 4108 εἶ
1702 4078 1722 4103 »ι
1752 4056 1993 4126 Respon-

391 4145 527 4198 deus
556 4142 697 4198 ﬁlius
742 4143 923 4198 dixit:
964 4167 985 4191 «ι
1018 4144 1266 4210 Centum,
1328 4150 1385 4198 ut
1436 4144 1684 4212 arbitror,
1732 4146 1990 4214 acquisivi

394 4233 618 4288 amicos.
655 4255 677 4281 ιι
712 4233 864 4287 Dixit
901 4239 1069 4304 pater,
1099 4255 1120 4280 «ι
1155 4232 1281 4302 quia
1316 4233 1672 4303 philosophus
1697 4234 1835 4287 dixit
1866 4254 1877 4288 :
1910 4236 1990 4290 Ne

396 4329 583 4384 laudes
611 4329 845 4384 amicum
878 4329 1050 4384 donec
1079 4328 1393 4399 probaveris
1421 4345 1565 4383 eum.
1597 4329 1717 4401 Ego
1775 4330 1990 4400 quidem

394 4419 543 4488 prior
570 4426 725 4473 natus
744 4434 884 4485 sum,
916 4424 971 4471 et
995 4417 1151 4472 unius
1177 4412 1564 4471 dimidietatem
1596 4417 1687 4471 vix
1734 4418 1865 4473 mihi
1895 4435 1990 4474 ac-

396 4506 590 4576 quisivi
623 4522 638 4575 ;
675 4515 726 4560 tu
757 4521 888 4577 ergo
942 4513 1157 4560 centum
1198 4505 1468 4575 quomodo
1515 4506 1611 4559 tibi
1669 4507 1990 4576 acquisisti‘?

399 4595 543 4650 Vade
572 4595 737 4667 igitur
791 4594 1020 4665 probare
1043 4610 1251 4657 omnes.
1312 4602 1367 4649 ut
1423 4610 1721 4666 cognoscas
1774 4595 1817 4649 si
1874 4596 1993 4666 quis

2097 3432 2236 3485 hanc
2264 3432 2598 3501 corporalem
2653 3439 3022 3506 cognoverunt
3050 3438 3433 3510 inﬁrmitatem,
3492 3446 3693 3501 amoris

2098 3518 2273 3572 sciunt
2299 3535 2415 3574 esse
2437 3520 2764 3590 passionem.
2796 3523 2912 3579 Hoc
2941 3528 3144 3597 agnito,
3178 3528 3427 3583 dominus
3446 3533 3592 3587 venit
3620 3534 3688 3589 ad

2098 3622 2221 3661 eum
2253 3614 2305 3662 et
2332 3609 2578 3677 quaesivit
2632 3611 2675 3664 si
2706 3628 2812 3681 qua
2841 3622 2978 3668 esset
3026 3616 3220 3671 mulier
3273 3618 3329 3672 in
3377 3617 3541 3676 domo
3593 3639 3690 3678 sua

2099 3720 2261 3773 quam
2290 3704 2558 3777 diligeret.
2592 3708 2674 3763 Ad
2705 3711 2806 3765 hoc
2832 3728 2981 3783 aeger
3011 3732 3023 3767 :
3058 3711 3293 3769 Ostende
3324 3715 3455 3770 mihi
3501 3732 3690 3774 omnes

2098 3786 2292 3842 domus
2321 3797 2424 3844 tuae
2453 3790 2723 3861 mulieres,
2776 3801 2829 3850 et
2855 3796 2898 3849 si
2956 3796 3089 3851 forte
3119 3797 3257 3852 inter
3311 3816 3402 3855 eas
3420 3802 3559 3856 hanc
3613 3804 3691 3858 vi-

2098 3875 2249 3943 dero,
2284 3877 2379 3932 tibi
2404 3880 2703 3935 ostendam.
2746 3880 2866 3952 Quo
2922 3885 3123 3952 audito,
3184 3888 3419 3943 ostendit
3462 3890 3511 3944 ei
3568 3907 3693 3947 can-

2100 3964 2313 4020 tatrices
2334 3973 2387 4020 et
2414 3967 2735 4038 pedisequas
2762 3987 2987 4040 quarum
3036 3975 3181 4029 nulla
3210 3976 3257 4029 ei
3289 3976 3506 4047 placuit.
3564 3979 3692 4035 Post

2100 4053 2220 4122 hoc,
2269 4055 2499 4109 ostendit
2555 4073 2744 4112 omnes
2816 4058 2972 4128 ﬁlias,
3032 4063 3128 4117 has
3183 4080 3395 4135 quoque
3450 4066 3586 4121 sicut
3640 4077 3693 4124 et

2098 4157 2319 4205 caeteras
2374 4152 2595 4208 omnino
2651 4156 2849 4224 repulit
2893 4164 3052 4228 atque
3100 4162 3395 4233 negglexit.
3445 4163 3692 4220 Habebat

2097 4246 2275 4293 autem
2305 4239 2555 4295 dominus
2584 4243 2872 4312 quamdam
2903 4246 3140 4301 nobilem
3173 4251 3409 4320 puellam
3442 4251 3497 4306 in
3526 4252 3690 4310 domo

2099 4343 2193 4381 sua
2223 4344 2382 4397 quam
2409 4329 2618 4399 jamdiu
2677 4332 2997 4389 educaverat
3050 4345 3106 4391 ut
3136 4354 3255 4393 eam
3313 4341 3581 4410 acciperet
3634 4343 3689 4396 in

2098 4440 2342 4490 uxorem,
2401 4443 2561 4495 quam
2593 4436 2645 4483 et
2673 4431 2904 4486 ostendit
2944 4433 3013 4489 ei.
3054 4435 3219 4507 Eger
3271 4454 3420 4508 vero,
3471 4449 3688 4511 aspecta

2100 4515 2219 4579 hac,
2252 4514 2325 4567 ait
2358 4533 2370 4568 :
2403 4515 2487 4569 Ex
2514 4518 2614 4571 hac
2644 4525 2722 4572 est
2742 4520 2873 4574 mihi
2903 4523 3059 4589 mori,
3093 4533 3146 4579 et
3174 4526 3229 4579 in
3249 4528 3348 4581 hac
3396 4544 3518 4585 mea
3548 4530 3682 4586 vita.

2100 4608 2218 4678 Quo
2248 4610 2447 4678 audito,
2508 4612 2656 4668 dedit
2707 4616 2942 4684 puellam
3002 4618 3055 4672 in
3088 4637 3312 4676 uxorem
3368 4640 3517 4696 agro
3569 4641 3692 4681 cum

396 4693 675 4748 hominum
704 4691 801 4746 tibi
858 4690 1127 4762 perfectus
1154 4692 1255 4746 erit
1290 4691 1512 4746 amicus.
1554 4714 1576 4740 ιο
1609 4691 1751 4747 Dicit
1803 4692 1943 4747 ﬁlius
1976 4712 1987 4748 :
2022 4706 2074 4767 D
2104 4698 2354 4753 omnibus
2384 4716 2504 4769 qua:
2533 4709 2647 4756 erat
2674 4719 2795 4757 cum
2826 4721 2891 4759 ea
2921 4716 3251 4778 accepturus,
3329 4719 3383 4765 et
3419 4690 3697 4782 praeterea

401 4812 423 4839 ιι
457 4788 989 4859 Quomodoconsulis
1016 4790 1044 4841 ‘?
1080 4813 1101 4838 ι
1134 4789 1273 4844 Dicit
1285 4796 1436 4860 pater
1467 4808 1479 4843 :
1516 4810 1539 4837 σι
1568 4789 1799 4844 Vitulum
1822 4790 1993 4845 inter-

396 4879 591 4934 fectum
647 4886 701 4933 et
756 4876 1021 4931 frustatim
1069 4877 1458 4932 comminutum
1489 4877 1544 4931 in
1573 4894 1728 4934 sacco
1767 4894 1987 4948 repone,

394 4967 465 5022 ita
491 4975 547 5021 ut
564 4982 752 5022 saccus
780 4966 1075 5021 forinsecus
1104 4967 1369 5038 sanguine
1400 4965 1631 5021 iniectus
1658 4966 1747 5033 sit,
1785 4976 1839 5021 et
1866 4984 1989 5023 cum

395 5055 462 5110 ad
489 5057 725 5111 amicum
780 5054 1010 5124 veneris,
1051 5053 1139 5109 dic
1185 5056 1233 5109 ei
1269 5055 1614 5124 :Hominem,
1672 5058 1833 5111 chare
1890 5056 1987 5123 mi,

395 5144 527 5199 forte
584 5142 852 5209 interfeci,
908 5158 1044 5214 rogo
1103 5152 1151 5197 te
1199 5151 1255 5197 ut
1297 5160 1419 5197 eum
1475 5150 1680 5199 secreto
1736 5145 1988 5215 sepelias,

394 5249 552 5287 nemo
582 5232 730 5286 enim
761 5238 813 5284 te
842 5237 1145 5299 suspectum
1185 5230 1426 5300 habebit,
1456 5231 1637 5300 sicque
1663 5248 1751 5286 me
1781 5232 1991 5288 salvare

392 5321 611 5391 poteris.
648 5343 671 5367 ιδ
709 5318 875 5373 Filius
902 5318 1029 5373 fecit
1056 5318 1191 5373 sicut
1241 5327 1392 5390 pater
1420 5320 1723 5389 imperavit.
1784 5320 1991 5374 Primus

391 5411 598 5466 amicus
626 5407 697 5464 ad
718 5423 878 5477 quem
910 5407 1074 5475 venit,
1107 5407 1244 5461 dixit
1274 5427 1286 5462 :
1327 5430 1349 5455 «ς
1386 5408 1486 5462 Fer
1502 5415 1675 5463 tecum
1720 5416 1987 5464 mortuum

388 5516 549 5572 super
575 5497 781 5553 collum
814 5502 959 5549 tuum
994 5510 1007 5560 ;
1040 5496 1175 5550 sicut
1203 5495 1374 5551 fecisti
1413 5496 1634 5563 malum,
1669 5504 1851 5567 patere
1906 5514 1990 5553 sa-

387 5587 773 5650 tisfactionem,
806 5582 861 5636 in
887 5582 1108 5638 domum
1154 5600 1331 5639 meam
1362 5601 1470 5639 non
1498 5584 1760 5639 introibis.
1796 5608 1818 5633 η
1853 5587 1987 5641 Cum

384 5685 567 5733 autem
626 5687 728 5745 per
780 5671 1021 5743 singulos
1076 5671 1153 5726 sic
1209 5671 1438 5741 fecisset,
1490 5673 1682 5727 eodem
1730 5690 1989 5743 responso

379 5780 575 5823 omnes
603 5759 1019 5830 responderunt.
1051 5760 1130 5814 Ad
1161 5767 1368 5831 patrem
1398 5759 1630 5831 rediens,
1662 5761 1990 5817 renuntiavit

380 5870 503 5927 quae
535 5852 765 5906 fecerat.
798 5846 942 5902 Dixit
969 5855 1120 5919 pater
1150 5867 1162 5903 :
1197 5849 1434 5922 Contigit
1462 5849 1556 5904 tibi
1587 5857 1641 5904 ut
1674 5848 1811 5905 dixit
1862 5850 1990 5920 phi-

453 6004 583 6081 (18)
609 5996 911 6055 Lockman.

2101 4786 2249 4840 dedit
2277 4788 2325 4841 ci
2358 4804 2477 4857 quae
2509 4797 2623 4844 erat
2674 4789 2893 4847 daturus
2928 4796 3124 4864 puellae
3179 4798 3222 4852 si
3252 4814 3372 4854 eam
3429 4802 3697 4872 acciperet

2102 4882 2156 4937 in
2189 4899 2435 4942 uxorem.
2467 4887 2562 4940 His
2589 4889 2890 4960 completis,
2922 4901 3143 4963 accepta
3188 4910 3357 4950 uxore
3383 4904 3437 4951 et
3463 4897 3546 4952 his
3574 4915 3696 4968 quae

2100 4987 2222 5026 cum
2243 4988 2411 5029 uxore
2449 4984 2746 5046 acceperat,
2805 4985 2859 5033 et
2914 4981 3277 5052 negotiatione
3329 4983 3488 5052 facta,
3537 4986 3697 5042 rediit

2100 5059 2156 5114 in
2204 5062 2459 5131 patriam.
2516 5064 2753 5137 Contigit
2782 5075 2962 5122 autem
3020 5077 3142 5141 post
3188 5072 3290 5127 hoc
3350 5074 3696 5146 Egyptiacus

2100 5149 2284 5204 omnia
2312 5166 2406 5205 sua
2451 5153 2631 5206 multis
2658 5154 2835 5209 modis
2862 5157 3147 5224 amitteret,
3207 5169 3259 5215 et
3315 5177 3520 5233 pauper
3555 5162 3691 5220 effe-

2100 5244 2213 5292 ctus
2241 5238 2499 5309 cogitavit
2528 5240 2669 5310 apud
2700 5257 2758 5297 se
2786 5243 2928 5312 quod
2960 5244 3057 5299 iret
3086 5246 3316 5302 Baldach
3342 5249 3410 5302 ad
3456 5251 3691 5306 amicum

2098 5341 2252 5379 suum
2285 5342 2444 5395 quem
2502 5327 2574 5382 ibi
2634 5329 2868 5385 habebat
2922 5340 2978 5386 ut
3033 5334 3114 5387 sui
3171 5335 3535 5393 misereretur.
3584 5338 3693 5395 Iter

2099 5429 2229 5486 ergo
2296 5415 2470 5469 nudus
2525 5423 2578 5470 et
2634 5417 2881 5474 famelius
2937 5420 3177 5492 arripuit,
3237 5432 3396 5494 atque
3452 5428 3690 5486 Baldach

2099 5503 2418 5572 intempeste
2446 5504 2618 5559 noctis
2647 5506 2857 5562 silentio
2889 5510 3151 5580 pervenit,
3208 5513 3385 5581 pudor
3403 5523 3581 5571 autem
3639 5520 3689 5573 ei

2098 5591 2346 5646 obstabat
2374 5609 2440 5646 ne
2487 5592 2710 5647 domum
2738 5595 2896 5652 amici
2925 5598 3114 5667 adiret,
3147 5616 3215 5655 ne
3245 5600 3382 5657 forte
3436 5604 3689 5678 incogni-

2099 5686 2181 5733 tus
2238 5679 2329 5733 tali
2386 5686 2626 5750 tempore
2673 5683 3049 5753 expelleretur,
3082 5688 3340 5757 templum
3362 5707 3490 5746 vero
3510 5688 3688 5762 quod-

2098 5763 2223 5817 dam
2255 5763 2471 5818 intravit
2498 5772 2554 5818 ut
2600 5763 2801 5820 ibidem
2858 5777 3213 5838 pernoctaret.
3274 5772 3401 5841 Sed,
3460 5791 3582 5830 cum
3613 5778 3687 5833 ibi

2098 5847 2289 5902 anxius
2316 5848 2486 5903 multa
2507 5848 2598 5903 diu
2618 5865 2798 5904 secum
2821 5851 3079 5925 volveret,
3113 5865 3395 5912 occurrunt
3448 5859 3551 5916 sibi
3580 5861 3687 5924 duo
