3966 6396
390 385 494 437 675

1325 379 1530 438 PETRI
1566 379 1916 440 ALPHONSI
1952 381 2048 438 EX
2085 380 2330 439 ΠΗ)Εο
2367 382 2767 441 CHRISTIANI

3585 390 3698 446 676

359 505 484 560 'viri
527 521 695 575 prope
730 506 991 574 templum
1023 506 1076 560 in
1105 506 1339 571 civitate,
1374 523 1598 576 quorum
1631 525 1768 561 unus
1815 509 1979 562 alium
2011 510 2064 570 A
2096 517 2176 563 est
2224 517 2282 564 ut
2333 510 2436 563 sibi
2493 512 2760 579 consulas,
2822 513 2947 567 licet
2985 519 3190 567 rectum
3248 521 3304 568 ut
3361 513 3699 570 inconsultus

384 594 670 664 interfecit,
701 595 948 664 clamque
997 594 1225 666 aufugit.
1285 596 1434 650 Multi
1493 597 1656 668 igitur
1683 597 1829 651 cives
1886 614 1984 668 pro

385 683 610 752 strepitu
691 683 1050 745 decurrentes,
1128 684 1467 739 interfectum
1549 686 1859 756 repperiunt
1933 695 1984 741 et

386 779 686 842 quaerentes
740 771 985 841 quisnam
1051 773 1398 828 homicidium
1457 783 1834 845 perpetrasset,
1893 776 1983 830 in-

385 878 658 926 traverunt
713 869 972 938 templum
1023 879 1298 940 sperantes
1344 872 1670 926 homicidam
1727 874 1982 944 reperire.

384 959 692 1030 Egyptium
724 973 850 1012 vero
907 968 1260 1028 reppererunt
1315 960 1409 1026 ibi,
1443 970 1496 1015 et
1551 963 1879 1016 sciscitantes
1915 964 1983 1018 ab

383 1072 446 1111 eo
476 1057 720 1124 quisnam
770 1055 944 1108 virum
997 1055 1368 1124 interfecisset,
1429 1057 1714 1113 audierunt
1739 1059 1808 1114 ab
1865 1060 1982 1128 ipso

383 1153 508 1224 quia
545 1168 648 1224 ego
683 1151 926 1206 interfeci
984 1169 1126 1219 eum,
1204 1163 1572 1226 paupertatem
1628 1157 1771 1210 enim
1830 1173 1982 1211 suam

379 1249 546 1297 morte
593 1241 782 1296 saltem
841 1239 992 1294 ﬁnire
1017 1240 1268 1312 cupiebat
1302 1262 1313 1298 :
1347 1243 1546 1314 Captus
1575 1245 1754 1314 itaque
1801 1246 1982 1300 incar-

380 1349 587 1395 ccratus
615 1347 713 1392 est.
746 1339 904 1393 Mane
933 1347 1112 1393 autem
1147 1341 1285 1394 facto
1317 1341 1627 1412 producitur
1681 1352 1804 1397 ante
1827 1343 1983 1411 judi-

379 1447 485 1497 ccs,
544 1436 598 1483 et
645 1435 817 1483 morte
873 1428 1302 1499 condempnatus
1356 1431 1568 1484 ducitur
1621 1431 1689 1485 ad
1745 1448 1980 1487 crucem.

380 1517 527 1573 Multi
559 1533 691 1588 ergo
747 1516 814 1570 de
852 1532 1005 1572 more
1060 1526 1364 1585 occurrunt,
1415 1536 1641 1588 quorum
1691 1537 1828 1573 unus
1886 1522 1986 1576 fuit

379 1608 585 1664 amicus
613 1608 728 1675 ejus
772 1605 928 1674 cujus
983 1622 1144 1661 causa
1182 1607 1389 1662 adierat
1444 1609 1698 1663 Baldach.
1731 1611 1828 1663 Hic
1857 1627 1978 1664 acu~

379 1697 480 1752 tius
499 1713 622 1750 eum
653 1695 866 1748 intuens
895 1694 1250 1765 deprehendit
1306 1712 1420 1752 esse
1451 1699 1683 1751 amicum
1734 1715 1894 1766 quem
1925 1699 1980 1752 in

375 1786 606 1857 Egypto
689 1783 978 1853 reliquerat
1013 1803 1027 1849 ;
1059 1785 1409 1840 reminiscens
1466 1786 1645 1856 itaque
1711 1785 1976 1842 bonorum

2096 614 2241 661 tuum
2273 624 2378 662 non
2408 616 2660 677 sequatur
2686 611 2990 664 consilium.
3023 611 3171 666 Alius
3201 630 3212 666 :
3246 612 3368 666 Noli
3403 614 3694 668 consilium

2093 705 2241 750 tuum
2291 698 2438 751 omni
2495 698 2700 752 homini
2755 699 2996 754 revelare
3029 714 3042 768 ;
3075 700 3165 769 qui
3214 701 3356 754 enim
3404 702 3694 756 consilium

2094 803 2241 848 tuum
2285 795 2339 848 in
2388 797 2548 850 corde
2604 812 2701 851 suo
2758 797 2970 864 retinet,
3039 798 3119 852 sui
3171 797 3310 867 juris
3363 806 3442 852 est
3497 800 3697 854 melius

2091 893 2312 964 eligere.
2345 894 2495 948 Alius
2527 913 2538 948 :
2573 893 2866 949 Consilium
2899 895 3268 949 absconditum
3300 897 3450 965 quasi
3480 896 3535 951 in
3565 913 3694 952 car-

2091 1007 2212 1046 cere
2241 1006 2336 1046 suo
2393 998 2470 1045 est
2499 999 2800 1055 retrusam;
2833 993 3128 1047 revelatum
3188 1009 3316 1048 vero
3373 1001 3422 1048 te
3470 993 3524 1047 in
3575 1009 3697 1048 car-

2090 1106 2209 1144 cere
2236 1106 2333 1145 suo
2364 1098 2507 1145 tenet
2552 1090 2805 1161 ligatum.
2844 1091 2994 1145 Alius
3027 1111 3038 1145 :
3069 1113 3089 1139 α
3124 1092 3204 1145 Ne
3238 1099 3285 1145 te
3342 1090 3697 1146 associaveris

2093 1179 2323 1233 inimicis
2352 1179 2474 1247 tuis,
2507 1195 2628 1234 cum
2663 1180 2798 1234 alios
2830 1181 3000 1250 pessis
3028 1179 3300 1250 repperire
3328 1180 3502 1235 socios
3535 1196 3698 1249 :qua:

2093 1269 2236 1321 enim
2268 1268 2408 1322 male
2457 1267 2634 1339 egeris
2661 1269 2940 1336 notabunt,
2973 1285 3094 1338 quae
3141 1284 3268 1324 vero
3295 1269 3439 1323 bona
3493 1268 3698 1323 fuerint

2092 1356 2424 1411 devitabunt.
2457 1356 2605 1410 Dixit
2655 1357 2873 1426 quidam
2933 1355 3264 1412 versificator
3295 1376 3306 1412 :
3343 1357 3434 1412 Est
3463 1373 3567 1411 una
3625 1355 3695 1411 de

2091 1455 2501 1510 adversitatibus
2522 1455 2680 1524 hujus
2704 1456 2883 1510 saeculi
2914 1457 3256 1528 gravioribus
3285 1457 3454 1511 libero
3479 1457 3689 1510 homini

2091 1545 2234 1614 quod
2265 1544 2578 1599 necessitate
2606 1545 2817 1613 cogitur
2864 1553 2922 1599 ut
2949 1545 3050 1600 sibi
3080 1546 3363 1600 subveniat
3415 1546 3690 1615 requirere

2091 1634 2388 1687 inimicum.
2435 1632 2696 1702 Quaesivit
2749 1633 2966 1702 quidam
2999 1634 3284 1704 aquodam
3344 1634 3517 1688 Arabe
3565 1651 3691 1703 qua:

2091 1722 2263 1789 major
2282 1722 2576 1776 adversitas
2605 1721 2831 1793 contigit
2851 1721 2945 1776 tibi
2979 1722 3028 1776 in
3061 1723 3162 1777 hoc
3192 1722 3388 1777 sarculo
3417 1723 3444 1775 ε)
3473 1723 3644 1776 Arabs
3669 1742 3682 1777 :

2091 1809 2390 1864 Necessitas
2407 1810 2669 1880 compulit
2697 1827 2785 1864 me
2831 1811 3123 1865 convenire
3147 1811 3422 1865 inimicum
3481 1818 3534 1864 ut
3563 1827 3687 1880 quae

377 1900 497 1953 qum
525 1881 628 1936 sibi
658 1881 712 1934 in
741 1881 971 1952 Egypte
997 1881 1212 1946 fecerat,
1245 1883 1490 1952 cogitans
1519 1884 1645 1952 quia
1677 1891 1798 1953 post
1826 1901 1976 1940 mor-

2095 1899 2340 1954 volebam
2374 1899 2505 1952 mihi
2533 1899 2870 1954 concederet.
2904 1899 3056 1954 Alius
3090 1919 3100 1954 :
3137 1900 3219 1953 Ne
3251 1907 3300 1954 te
3324 1899 3554 1954 associes
3581 1899 3688 1954 lec-

376 1979 484 2027 tem
541 1970 833 2025 retribuere
885 1969 960 2023 illi
1005 1986 1113 2024 non
1159 1978 1388 2040 poterat,
1447 1981 1674 2026 mortem
1735 1989 1830 2044 pre
1887 1973 1979 2028 illo

377 2079 434 2116 se
463 2060 644 2114 subire
669 2058 926 2125 decrevit,
977 2075 1112 2113 voce
1142 2075 1272 2130 ergo
1303 2077 1504 2132 magna
1531 2062 1804 2116 clamavit.
1838 2061 1980 2131 Quid

380 2151 720 2204 innocentem
769 2147 1227 2218 condempnastis,
1252 2165 1428 2219 quove
1449 2167 1569 2204 eum
1591 2151 1784 2204 ducitis
1814 2153 1842 2204 ?
1872 2168 1979 2206 non

379 2255 607 2302 mortem
640 2245 855 2310 meruit,
889 2260 992 2316 ego
1021 2245 1196 2300 virum
1244 2247 1513 2302 interfeci.
1551 2251 1618 2302 At
1647 2249 1723 2301 illi
1781 2248 1978 2317 injece-

379 2343 501 2391 runt
528 2351 721 2390 manus
749 2334 802 2387 in
844 2350 989 2400 eum,
1023 2341 1184 2404 atque
1239 2335 1464 2406 ligatum
1521 2353 1704 2391 secum
1735 2337 1801 2390 ad
1851 2353 1977 2391 cru-

379 2442 496 2481 cem
529 2431 820 2490 traxerunt,
870 2423 1144 2492 aliumque
1200 2440 1232 2479 a
1278 2441 1438 2495 poena
1495 2427 1682 2479 mortis
1733 2426 1980 2480 absolve-

377 2531 518 2577 runt.
550 2521 833 2576 Homicida
888 2534 1017 2572 vero
1048 2519 1102 2572 in
1147 2521 1337 2575 eodem
1371 2521 1588 2593 agmine
1637 2525 1739 2577 hoc
1769 2523 1978 2576 intuens

376 2611 725 2684 gradiebatur
778 2616 936 2676 atque
985 2624 1166 2662 secum
1232 2609 1446 2664 diccbat
1479 2629 1491 2664 :
1525 2611 1679 2665 llunc
1735 2611 1976 2665 interfeci

378 2719 431 2768 et
459 2711 556 2765 iste
584 2709 930 2779 dampnatur.
970 2705 1069 2762 Hic
1099 2707 1356 2762 innocens
1378 2710 1640 2780 supplicio
1670 2709 1973 2780 deputatur,

379 2825 483 2880 ego
513 2823 642 2862 vero
671 2821 871 2862 nocens
919 2806 1164 2860 libertate
1197 2805 1360 2861 fruor.
1395 2805 1657 2874 Quaenam
1707 2824 1869 2862 causa
1899 2815 1978 2861 est

378 2907 538 2977 hujus
581 2905 851 2975 injustitiaa
905 2909 933 2960 ‘i
989 2905 1206 2971 Nescio,
1265 2905 1363 2958 nisi
1420 2906 1532 2960 sola
1568 2904 1673 2959 Dei
1719 2907 1974 2976 patientia

379 2996 465 3050 sit.
500 2996 695 3050 Verum
739 2996 911 3050 Deum
937 2995 1109 3067 judex
1162 2993 1337 3063 justus
1386 2994 1708 3065 impunitum
1770 2997 1972 3049 nullum

374 3094 546 3148 scelus
574 3093 817 3175 (li/mittit.
885 3094 966 3149 Ne
1027 3093 1190 3166 igitur
1243 3093 1508 3164 posterius
1564 3094 1620 3148 in
1657 3112 1744 3148 me
1793 3095 1976 3148 durius

2088 1988 2274 2050 catori,
2295 1987 2450 2056 cujus
2479 1987 2805 2042 consortium
2837 1995 2916 2041 est
2948 1987 3041 2042 tibi
3063 1987 3322 2042 dedecus.
3381 1987 3529 2042 Alius
3562 2007 3573 2042 :
3605 1987 3688 2042 Ne

2087 2077 2333 2149 glorieris
2379 2077 2432 2130 in
2462 2077 2618 2130 laude
2649 2077 2946 2142 leccatoris,
2995 2076 3150 2145 cujus
3205 2077 3320 2130 laus
3339 2083 3418 2130 est
3447 2076 3540 2130 tibi
3600 2076 3688 2130 vi—

2091 2175 2374 2244 tuperium,
2409 2182 2459 2228 et
2492 2173 2817 2242 vituperium
2850 2174 2984 2227 laus.
3046 2173 3277 2242 Quidam
3337 2173 3690 2244 philosophus

2091 2263 2348 2318 transiens
2370 2279 2464 2334 per
2494 2263 2657 2330 viam,
2691 2263 2854 2317 alium
2877 2263 3257 2334 philosophum
3300 2263 3536 2333 repperit
3562 2278 3686 2316 cum

2088 2364 2322 2434 quodam
2380 2365 2644 2419 leccatore
2722 2364 3020 2434 jocantem,
3072 2373 3122 2420 et
3177 2365 3296 2420 ait:
3340 2364 3454 2420 Sibi
3511 2364 3685 2418 simile

2088 2455 2352 2508 attrahere
2381 2454 2684 2508 adamantis
2740 2461 2836 2508 est.
2894 2455 2963 2508 At
3010 2454 3098 2508 ille
3129 2454 3299 2524 inquit
3332 2473 3343 2508 :
3377 2455 3684 2522 Numquam

2088 2559 2174 2597 me
2215 2543 2315 2596 sibi
2365 2542 2605 2611 adjunxi.
2649 2543 2730 2596 Ad
2787 2545 2890 2597 hoc
2947 2543 3252 2597 transiens:
3287 2543 3394 2598 Cur
3446 2558 3576 2613 ergo
3635 2542 3682 2596 ei

2086 2631 2452 2702 applaudehas
2480 2633 2508 2684 εἶ
2539 2635 2604 2685 At
2634 2631 2720 2685 ille
2753 2631 2924 2701 inquit
2956 2651 2970 2686 :
3001 2633 3143 2697 Non,
3205 2631 3296 2686 sed
3328 2647 3526 2703 magna
3582 2647 3682 2685 ne-

2085 2728 2325 2782 cessitate
2409 2727 2621 2799 cogitur
2667 2727 2827 2782 etiam
2887 2729 3140 2782 honestus
3215 2729 3379 2783 homo
3435 2727 3682 2782 latrinam

2085 2827 2251 2881 adire.
2284 2827 2432 2880 Alius
2460 2827 2813 2898 philosophus
2838 2845 2848 2880 :
2874 2826 2998 2892 Fili,
3016 2843 3181 2898 grave
3204 2834 3280 2879 est
3301 2825 3494 2880 arduas
3524 2841 3680 2879 men-

2087 2929 2256 2984 tiones
2280 2929 2568 2983 ascendere
2615 2936 2668 2984 et
2713 2929 2782 2983 ab
2838 2928 3042 2982 eisdem
3100 2927 3425 2983 descendere
3495 2927 3674 2982 facile.

2085 3029 2235 3083 Alius
2261 3029 2616 3098 philosophus
2651 3045 2664 3082 :
2706 3027 2901 3082 Melior
2957 3035 3036 3082 est
3095 3026 3376 3081 inimicitia
3428 3025 3684 3096 sapientis

2085 3143 2245 3196 quam
2277 3126 2513 3181 amicitia
2559 3125 2877 3196 insipientis.
2925 3125 3074 3179 Alius
3121 3125 3470 3195 philosophus
3527 3143 3539 3178 :
3601 3125 3681 3178 Ne

375 3191 628 3258 vindicet,
663 3191 822 3260 hujus
847 3209 933 3247 me
977 3192 1202 3263 prodam
1259 3191 1499 3247 criminis
1528 3210 1644 3247 esse
1693 3211 1866 3260 reum,
1897 3195 1972 3249 sic
2004 3224 2052 3286 Ο
2085 3191 2284 3270 ιξίὼρδε
2323 3231 2419 3285 pro
2452 3191 2680 3286 magno'
2709 3213 3000 3268 amicitiam
3058 3191 3222 3278 sumi,
3265 3191 3390 3283 quia
3438 3228 3546 3266 ηοη
3603 3219 3683 3266 ρει

378 3305 479 3360 que
510 3304 604 3344 eos
631 3288 894 3344 solvendo
914 3306 948 3344 a
977 3297 1168 3358 morte,
1202 3290 1346 3358 quod
1375 3290 1624 3344 commisi
1673 3290 1813 3344 luam
1841 3308 1972 3361 pec-

374 3394 572 3440 catum.
607 3384 928 3456 Objecitque
974 3401 1032 3440 se
1075 3385 1127 3438 in
1160 3386 1398 3456 periculo
1455 3387 1641 3441 dicens
1676 3405 1687 3440 :
1721 3387 1826 3452 Me,
1886 3403 1974 3440 me

375 3484 465 3554 qui
497 3483 621 3549 feci,
673 3484 832 3538 istum
889 3483 1138 3538 dimittite
1185 3483 1486 3538 innoxium.
1545 3484 1758 3538 Iudices
1795 3493 1972 3539 autem

375 3598 483 3637 non
513 3597 701 3652 parum
749 3581 1118 3649 ammirantes,
1150 3582 1312 3648 hunc,
1357 3581 1463 3636 alio
1493 3597 1526 3635 a
1580 3588 1751 3636 morte
1807 3581 1974 3636 abso-

375 3681 506 3745 luto,
539 3679 860 3750 ligaverunt,
888 3677 1115 3748 jamque
1143 3677 1211 3732 de
1234 3677 1442 3748 judicio
1482 3677 1808 3748 dubitantes,
1833 3682 1975 3734 hunc

376 3792 498 3832 cum
526 3775 747 3845 reliquis
769 3777 916 3846 prius
965 3775 1202 3830 liberatis
1249 3781 1373 3829 ante
1395 3791 1581 3846 regem
1638 3775 1976 3831 adduxerunt

377 3874 535 3943 eique
563 3873 748 3929 omnia
793 3891 860 3927 ex
889 3872 1079 3927 ordine
1108 3872 1402 3927 referentes
1424 3873 1596 3944 ipsum
1646 3874 1806 3928 etiam
1839 3875 1978 3930 hesi-

379 3975 488 4024 tare
517 3967 908 4036 compulerunt.
955 3966 1240 4021 Communi
1272 3966 1450 4036 itaque
1497 3968 1721 4021 consilio
1749 3983 1844 4020 rex
1901 3968 1979 4023 eis

381 4072 541 4112 omne
571 4056 776 4110 crimen
807 4055 950 4125 quod
981 4055 1082 4109 sibi
1122 4055 1490 4126 imposuerant
1518 4056 1860 4122 condonavit,
1911 4073 1976 4112 eo

377 4153 557 4200 tamen
586 4152 744 4213 pacto
791 4151 849 4197 ut
875 4143 1116 4197 criminis
1175 4144 1278 4197 sibi
1309 4144 1544 4212 impositi
1592 4161 1779 4199 causas
1815 4154 1975 4214 pate-

377 4241 636 4307 facerent,
670 4247 724 4294 at
753 4240 829 4294 illi
859 4239 935 4294 rei
966 4239 1249 4296 veritatem
1305 4240 1352 4294 ei
1377 4250 1738 4312 exposuerunt
1770 4257 1783 4310 ;
1817 4259 1972 4297 com-

375 4331 527 4385 muni
555 4337 734 4384 autem
794 4345 1054 4383 consensu
1084 4330 1335 4383 omnibus
1381 4330 1657 4400 absolutis,
1719 4332 1975 4403 indigena

374 4419 465 4490 qui
521 4433 622 4490 pro
653 4417 828 4472 amico
885 4419 1020 4473 mori
1086 4418 1415 4488 decreverat,
1459 4419 1636 4490 ipsum
1667 4420 1720 4474 in
1751 4420 1972 4474 domum

373 4534 524 4572 suam
555 4515 870 4584 introduxit,
923 4516 1078 4587 eique
1109 4517 1255 4572 omni
1313 4520 1515 4573 honore
1547 4536 1642 4590 pro
1672 4519 1774 4574 ritu
1831 4519 1972 4574 facto

2082 3320 2423 3374 permanens.
2458 3303 2605 3357 Alius
2637 3303 2988 3374 philosophus
3021 3321 3033 3356 :
3067 3302 3286 3356 Dulcior
3331 3311 3408 3356 est
3455 3300 3680 3371 sapienti

2083 3418 2273 3472 aspera
2293 3403 2400 3456 vita
2431 3401 2569 3456 inter
2623 3401 2912 3471 sapientes,
2972 3417 3133 3470 quam
3165 3399 3335 3454 dulcis
3382 3399 3490 3454 vita
3546 3399 3683 3453 inter

2083 3491 2411 3562 insipientes.
2443 3491 2592 3546 Alius
2620 3490 2973 3560 philos0phus
3007 3508 3019 3544 :
3056 3488 3348 3559 Sapientia:
3401 3487 3522 3542 dua-3
3561 3495 3682 3542 sunt

2081 3587 2306 3659 species,
2359 3603 2467 3641 una
2512 3586 2786 3650 naturalis,
2873 3585 3041 3640 altera
3095 3583 3404 3650 artiﬁcialis,
3455 3599 3678 3652 quarum

2081 3703 2187 3741 una
2218 3703 2326 3740 non
2354 3693 2532 3755 potest
2562 3701 2781 3739 manere
2812 3685 2926 3738 sine
2957 3685 3081 3739 alia.
3116 3683 3270 3738 Alius
3303 3683 3420 3737 :Ne
3441 3681 3679 3736 commit-

2083 3783 2161 3830 tas
2216 3776 2386 3829 stultis
2440 3774 2780 3845 sapientiam,
2842 3773 2968 3842 quia
3023 3772 3100 3827 eis
3157 3779 3295 3826 esset
3339 3771 3676 3840 injuriosum,

2081 3881 2255 3934 neque
2286 3865 2618 3934 sapientibus
2672 3879 2791 3918 eam
2840 3862 3098 3934 deneges,
3131 3861 3256 3931 quia
3285 3877 3440 3914 suum
3471 3868 3551 3916 est
3604 3859 3679 3912 eis

2081 3962 2345 4018 conferre.
2372 3962 2518 4015 Alius
2551 3980 2562 4016 :
2598 3959 2918 4029 Hujusmodi
2939 3959 3082 4013 dona
3111 3958 3323 4012 diversa
3353 3963 3493 4022 sunt,
3554 3955 3676 4025 qui-

2080 4051 2308 4106 busdam
2340 4050 2482 4105 enim
2515 4049 2670 4103 datur
2698 4065 2875 4104 rerum
2907 4047 3194 4116 possessio,
3231 4045 3554 4116 quibusdam
3586 4061 3675 4098 sa-

2081 4141 2300 4211 pientia.
2325 4139 2557 4208 Quidam
2608 4138 2752 4192 enim
2775 4138 2999 4206 loquens
3028 4135 3139 4190 ﬁlio
3170 4135 3244 4190 ait
3275 4153 3286 4189 :
3319 4133 3462 4204 Quid
3492 4134 3677 4188 malles

2080 4238 2178 4292 tibi
2207 4238 2343 4306 dari,
2377 4253 2594 4292 censum
2625 4252 2693 4291 an
2713 4235 3032 4306 sapientiam
3057 4235 3087 4286 ‘i
3117 4233 3214 4288 Cui
3257 4231 3398 4286 ﬁlius
3429 4250 3442 4286 :
3474 4232 3674 4286 Horum

2081 4336 2356 4406 quodlibet
2385 4336 2491 4390 alio
2513 4335 2742 4407 indiget.
2813 4333 2928 4388 Fuit
2970 4332 3190 4403 quidam
3247 4331 3462 4402 sapiens
3517 4330 3677 4386 versi-

2079 4432 2268 4488 ficator
2288 4433 2561 4505 egregius,
2593 4432 2685 4485 sed
2719 4447 2922 4502 egenus
2950 4438 3002 4484 et
3032 4428 3328 4496 mendicus,
3371 4443 3585 4498 semper
3610 4426 3674 4480 de

2085 4530 2394 4593 paupertate
2425 4538 2521 4576 sua
2576 4520 2764 4576 amicis
2817 4534 3172 4588 conquerens,
3231 4517 3298 4571 de
3355 4532 3459 4586 qua
3515 4515 3672 4570 etiam

373 4610 544 4680 inquit
577 4628 588 4664 :
624 4609 679 4665 Si
712 4625 922 4664 mecum
967 4626 1186 4665 manere
1235 4611 1548 4680 acquiescis,
1582 4613 1764 4667 omnia
1792 4613 1966 4681 nobis,
1999 4589 2052 4649 D
2084 4627 2268 4666 versus
2323 4609 2643 4681 composuit,
2697 4609 2855 4663 talem
2905 4623 3119 4662 sensum
3161 4605 3522 4676 exprimentes
3554 4622 3566 4658 :
3598 4603 3673 4656 Tu

371 4706 531 4770 prout
559 4698 730 4764 decet,
763 4706 916 4753 erunt
946 4699 1294 4764 communia;
1326 4699 1369 4752 si
1399 4716 1526 4754 vero
1557 4701 1847 4769 repatriare
1879 4717 1974 4756 vo-

372 4788 555 4856 lucris,
579 4803 700 4858 quae
726 4795 849 4842 sunt
878 4804 1000 4843 mea
1031 4804 1190 4857 aequa
1219 4788 1370 4843 lance
1400 4789 1724 4858 partiamur.
1765 4797 1836 4844 At
1885 4790 1973 4844 ille

373 4877 565 4932 natalis
617 4877 718 4931 soli
765 4875 1048 4931 dulcedine
1099 4877 1348 4942 irretitus,
1409 4885 1616 4948 partem
1672 4877 1832 4933 totius
1851 4878 1976 4933 sub-

373 4967 584 5022 stantia:
605 4982 767 5036 quam
795 4965 842 5020 ei
865 4966 1134 5020 obtulerat
1160 4966 1382 5036 recepit,
1413 4966 1594 5036 sicque
1641 4967 1972 5038 repatriavit.

356 5056 470 5135 _Ilis
497 5057 676 5124 itaque
705 5054 905 5120 relatis,
957 5052 1290 5124 inquitﬁlius
1341 5055 1411 5109 ad
1440 5063 1646 5126 patrem
1681 5075 1692 5110 ε
1728 5057 1826 5135 Vix
1879 5073 1978 5132 po-

373 5144 493 5199 terit
523 5143 783 5216 repperiri
813 5142 1036 5197 amicus.
1775 5133 1784 5143 ’

443 5242 592 5298 Dixit
619 5242 754 5296 alius
781 5241 1136 5313 philosophus
1169 5261 1180 5296 ε
1217 5242 1441 5312 Propter
1465 5242 1674 5298 amicos
1703 5258 1812 5298 non
1842 5260 1975 5315 pro-

372 5330 527 5386 batos
556 5330 778 5401 provide
827 5330 921 5384 tibi
975 5330 1142 5384 semel
1201 5330 1269 5386 de
1299 5330 1530 5385 inimicis
1585 5340 1638 5386 et
1665 5333 1862 5387 millies
1908 5333 1976 5387 de

377 5413 582 5483 aTnicis,
614 5419 741 5488 quia
769 5417 951 5473 forsan
997 5418 1322 5489 quandoque
1351 5419 1558 5473 amicus
1587 5419 1678 5475 ﬁet
1706 5421 1974 5490 inimicus,

379 5513 434 5560 et
469 5507 547 5561 sic
577 5506 746 5559 levius
770 5507 968 5574 poteris
1009 5507 1281 5578 requirere
1311 5507 1606 5576 dampnum
1641 5517 1812 5563 tuum.
1845 5511 1978 5564 Item

379 5594 514 5650 alius
540 5593 891 5665 philosophus
920 5614 930 5649 :
962 5597 1106 5650 Cave
1165 5596 1262 5650 tibi
1291 5613 1322 5650 a
1349 5597 1577 5652 consilio
1608 5598 1752 5652 illius
1809 5615 1840 5653 a
1870 5614 1976 5669 quo

379 5690 518 5762 petis
553 5690 855 5758 consilium,
917 5690 1016 5745 nisi
1071 5691 1137 5744 sit
1193 5691 1288 5746 tibi
1345 5689 1518 5746 ﬁdelis
1573 5695 1974 5765 comprobatus.

379 5789 512 5842 Item
543 5788 678 5841 alius
711 5807 723 5842 :
757 5788 988 5843 Consule
1018 5788 1194 5843 amico
1255 5797 1342 5844 tuo
1373 5790 1426 5843 in
1457 5791 1660 5846 bonum
1717 5800 1976 5862 quantum

377 5877 597 5949 poteris,
646 5876 744 5932 etsi
799 5876 897 5931 tibi
951 5875 1172 5932 credere
1223 5876 1456 5933 noluerit
1513 5893 1530 5950 ;
1584 5880 1790 5952 justum
1829 5881 1976 5938 enim

2082 4701 2171 4768 qui
2191 4699 2426 4768 partiris,
2484 4706 2724 4752 monstra
2752 4713 2846 4752 cur
2876 4713 2999 4767 pars
3019 4711 3142 4750 mea
3188 4693 3320 4748 mihi
3349 4692 3504 4747 desit.
3562 4691 3673 4745 Cul-

2080 4788 2292 4858 pandus
2347 4804 2456 4842 non
2487 4804 2564 4852 es,
2596 4786 2690 4841 sed
2725 4786 2812 4841 dic
2840 4786 2973 4840 mihi
3033 4800 3191 4854 quem
3249 4782 3500 4851 culpabo,
3551 4796 3670 4834 nam

2080 4879 2127 4932 si
2153 4876 2488 4932 constellatie
2537 4892 2660 4930 mea
2715 4882 2796 4930 est
2830 4874 2962 4928 mihi
3018 4873 3172 4940 dura,
3206 4888 3237 4927 a
3285 4879 3336 4926 te
3365 4884 3577 4941 quoque
3622 4867 3673 4922 id

2083 4967 2284 5022 factum
2314 4983 2429 5020 esse
2459 4964 2814 5020 indubitabile
2861 4971 2960 5018 est.
2999 4961 3102 5018 Sed
3127 4962 3264 5015 inter
3282 4976 3369 5014 me
3425 4970 3478 5012 et
3507 4958 3672 5028 ipsam

2085 5064 2137 5111 tu
2167 5063 2346 5111 orator
2365 5062 2418 5110 et
2439 5053 2610 5123 judex
2659 5069 2734 5108 es.
2795 5053 2875 5106 Tu
2923 5051 3116 5106 dedisti
3173 5049 3305 5103 mihi
3360 5046 3671 5118 sapientiam

2083 5145 2198 5200 sine
2253 5143 2568 5212 substantia,
2599 5142 2687 5197 dic
2715 5157 2847 5214 ergo
2886 5140 3016 5194 mihi
3049 5137 3177 5210 quid
3205 5138 3366 5193 faciet
3419 5135 3672 5206 sapientia

2081 5235 2198 5289 sine
2227 5233 2545 5288 substantia.
2567 5231 2764 5302 Accipe
2813 5237 3021 5302 partem
3050 5227 3330 5299 sapientiae
3375 5233 3428 5280 et
3454 5224 3524 5279 da
3547 5223 3672 5278 mihi

2083 5331 2291 5394 partem
2347 5321 2606 5392 pecunia}.
2693 5321 2774 5374 Ne
2823 5318 3047 5390 patiaris
3103 5333 3192 5370 me
3252 5316 3343 5370 illo
3413 5313 3669 5384 indigere,

2082 5413 2378 5482 dampnum
2408 5411 2562 5480 cujus
2615 5409 2714 5464 erit
2742 5409 2874 5462 mihi
2931 5406 3144 5478 pudori.
3177 5405 3325 5459 Dixit
3379 5403 3515 5456 alius
3553 5402 3671 5470 phi-

2084 5501 2341 5572 losophus
2371 5519 2382 5555 :
2413 5500 2607 5554 Tribus
2637 5498 2814 5554 modis
2869 5513 3007 5551 unus
3035 5495 3242 5565 indiget
3279 5493 3405 5547 alio.
3456 5491 3673 5546 Cuicun-

2084 5614 2187 5668 que
2218 5597 2572 5658 benefeceris.
2606 5597 2660 5650 in
2691 5612 2755 5650 eo
2785 5594 2963 5664 major
3017 5608 3082 5648 eo
3141 5590 3263 5654 eris,
3309 5605 3416 5659 quo
3472 5603 3581 5642 non
3603 5587 3672 5642 in-

2085 5695 2346 5768 digneris,
2381 5711 2480 5766 par
2509 5694 2676 5765 ipsius
2701 5693 2806 5748 eris
2838 5708 2851 5763 ;
2875 5708 2982 5762 quo
3002 5706 3130 5746 vero
3165 5686 3481 5760 indigneris,
3503 5686 3672 5740 minor

2084 5796 2230 5850 Alius
2262 5815 2274 5850 :
2305 5796 2583 5864 Sapientia
2613 5802 2826 5850 mortua
2876 5809 3103 5864 corpora
3159 5789 3396 5846 vivificat
3441 5787 3670 5842 claritate

2083 5900 2201 5956 sua,
2233 5884 2380 5942 velut
2435 5892 2574 5940 terra
2620 5883 2771 5939 arida
2826 5882 3143 5938 humiditate
3197 5878 3398 5952 pluvia)
3443 5875 3667 5934 virescit.
