3966 6448
251 606 316 652 est
345 603 607 711 claritas
649 629 990 695 corporis.
1026 603 1336 704 Discipulus
1365 639 1645 709 magistro.
1664 642 1951 711 Quomodo

253 700 323 743 me
352 692 656 762 habendo
696 692 882 769 inter
917 692 1198 790 sapientes
1230 692 1528 795 discipulos
1546 692 1949 801 computabor‘?

250 784 517 860 Magister
558 820 576 856 :
610 805 835 865 Serva
870 815 1149 872 silentium
1185 820 1365 877 donec
1392 823 1459 876 sit
1509 825 1603 879 tibi
1657 826 1806 899 loqui
1854 846 1948 886 ne-

263 887 613 979 cessarium.
666 898 1035 960 Maledicam
1076 907 1324 979 linguam
1379 912 1639 969 indictum
1695 887 1947 975 emendat

266 967 548 1068 silentium
586 1001 607 1049 ς
647 987 742 1042 ait
811 992 969 1047 enim
1023 967 1384 1068 philosophus
1435 1015 1449 1054 :
1523 1003 1806 1061 Silentium
1862 1010 1947 1063 est

273 1057 503 1133 Signum
539 1075 902 1149 sapientiae,
958 1057 1355 1155 et-loquaclilas
1403 1088 1622 1161 signum
1673 1094 1933 1151 stultitiae.

278 1149 362 1213 Ne
391 1158 648 1218 festines
684 1170 1054 1238 respondere
1099 1149 1278 1231 donec
1323 1149 1485 1232 fuerit
1529 1178 1653 1235 finis
1698 1183 1941 1241 interro-

290 1248 555 1321 gationis,
583 1269 700 1311 nec
726 1257 1108 1327 qumstionem
1126 1261 1180 1316 in
1201 1273 1476 1321 conventu
1497 1268 1695 1324 factam
1726 1272 1937 1328 solvere

299 1354 567 1420 temptes,
602 1368 742 1407 cum
776 1356 1175 1425 sapientiorem
1208 1368 1260 1415 te
1292 1362 1364 1416 ibi
1394 1379 1516 1420 esse
1561 1370 1932 1438 perspexeris,

310 1453 414 1494 nec
440 1440 755 1511 quaestioni
777 1443 875 1498 alii
923 1446 1175 1517 cuiquam
1224 1448 1381 1506 factae
1424 1457 1789 1524 respondeas,
1835 1474 1937 1515 nec

315 1526 532 1582 laudem
567 1540 815 1601 appetas
848 1549 950 1602 pro
978 1550 1038 1589 re
1078 1536 1173 1591 tibi
1219 1538 1519 1611 incognita.
1572 1544 1935 1617 Philosophus

316 1616 458 1671 enim
487 1617 625 1673 dicit
658 1636 671 1673 :
710 1619 823 1684 Qui
854 1621 926 1676 de
958 1638 1019 1677 re
1049 1624 1153 1678 sibi
1203 1625 1391 1697 ignota
1440 1628 1655 1685 laudem
1705 1616 1930 1703 appetit,

314 1703 465 1759 illum
492 1709 826 1764 mendacem
861 1710 1110 1779 probatio
1145 1715 1349 1771 reddit.
1391 1717 1547 1773 Alius
1580 1738 1594 1774 :
1628 1723 1932 1792 Acquiesce

314 1802 531 1856 veritati
568 1803 691 1859 sive
712 1819 746 1859 a
777 1814 829 1861 te
859 1807 1105 1877 prolatae,
1140 1811 1254 1867 sive
1286 1814 1382 1868 tibi
1413 1816 1660 1884 objectze.
1693 1821 1774 1874 Ne
1804 1820 1930 1892 glo-

310 1888 479 1944 rieris
509 1892 562 1945 in
596 1894 940 1963 sapientibus
972 1899 1153 1954 verbis
1208 1902 1333 1972 tuis,
1390 1906 1515 1975 quia
1577 1916 1739 1977 prout
1795 1888 1921 1979 pbi-
1950 1913 2003 1972 B

308 1976 585 2049 losophus
616 1988 867 2048 testatur,
908 1985 1001 2057 qui
1057 1986 1111 2040 in
1170 1989 1284 2045 suis
1340 1993 1524 2048 verbis
1580 1976 1924 2065 sapientibus

304 2066 606 2138 gloriatur,
640 2071 839 2125 stultus
864 2088 989 2129 esse
1006 2079 1417 2147 comprobatur.
1443 2082 1627 2138 Alius:
1655 2084 1763 2153 Qui
1800 2103 1925 2157 pru-

301 2162 516 2219 denter
542 2166 827 2236 inquirere
840 2170 1083 2225 voluerit
1105 2173 1457 2245 solutionem,
1491 2180 1791 2248 prudenter
1835 2184 1922 2237 in-

297 2253 550 2324 telliget.
588 2257 786 2311 Alius:
824 2257 930 2326 Qui
952 2260 1098 2315 brevi
1117 2270 1362 2333 tempore
1380 2283 1481 2336 pro
1505 2269 1712 2338 pudore
1757 2272 1921 2327 disci-

294 2340 524 2411 plinam
555 2358 663 2399 non
694 2346 919 2415 patitur,
961 2351 1109 2404 omni
1152 2359 1394 2423 tempore
1434 2355 1486 2409 in
1537 2358 1745 2427 pudore
1792 2361 1923 2414 insi-

290 2430 539 2499 pientiae
567 2435 937 2502 permanebit.
965 2437 1153 2491 Alius:
1197 2441 1315 2495 Non
1348 2444 1527 2499 omnis
1559 2446 1650 2515 qui
1698 2448 1920 2517 sapiens

286 2517 522 2573 dicitur
552 2521 768 2590 sapiens
799 2532 905 2587 est,
940 2525 1035 2579 sed
1061 2527 1150 2596 qui
1179 2528 1343 2583 discit
1374 2539 1429 2586 et
1471 2534 1665 2588 retinet
1712 2536 1918 2607 sapien-

288 2607 468 2661 tiam.
510 2609 703 2664 Alius:
734 2610 841 2680 Qui
872 2612 927 2666 in
957 2612 1204 2670 doctrina
1244 2618 1532 2686 defecerit,
1582 2639 1768 2693 parum
1818 2641 1920 2696 ge-

283 2704 587 2759 nerositas
618 2721 717 2760 sua
739 2707 791 2761 ei
821 2707 1087 2778 proderit.
1121 2712 1391 2785 Dogmata
1414 2716 1624 2789 indiget
1641 2719 1915 2789 nobilitas,

283 2792 586 2863 sapientia
614 2810 741 2851 vero
772 2797 1140 2867 experientia.

921 2974 1189 3032 FABULA
1231 2979 1306 3033 Ill

373 3105 569 3157 Anus
600 3120 613 3159 :
646 3103 883 3173 Quidam
904 3106 1239 3163 versificator
1284 3111 1530 3182 prudens
1578 3123 1629 3169 et
1679 3114 1911 3185 facetus,

282 3191 402 3247 sed
435 3192 722 3263 ignobilis,
756 3193 972 3248 cuidam
999 3197 1112 3269 regi
1144 3214 1337 3253 versus
1363 3216 1489 3255 suos
1512 3203 1727 3273 optulit.
1753 3208 1914 3275 Cujus

279 3287 491 3334 notata
520 3281 829 3351 prudentia,
861 3298 956 3337 rex
989 3267 1111 3338 eum
1143 3286 1442 3344 honorifice
1474 3292 1753 3363 suscepit;
1788 3295 1913 3352 huic
1942 3267 1990 3329 Ο

282 3368 479 3439 igitur
509 3369 827 3425 invidebant
856 3371 949 3425 alii
979 3373 1370 3431 versificatores
1398 3394 1493 3432 sua
1538 3382 1759 3451 superbi
1807 3399 1910 3456 ge-

280 3457 606 3513 nerositate
633 3459 753 3532 regi
785 3461 1177 3517 convenientes
1226 3463 1298 3517 ita
1354 3465 1606 3536 inquiunt
1639 3485 1650 3523 :
1682 3470 1912 3526 Domine

282 3561 424 3612 rex,
460 3562 557 3601 cur
585 3547 735 3602 hunc
755 3556 870 3602 tam
893 3548 981 3603 vili
1013 3557 1188 3605 ortum
1211 3554 1471 3625 prosapia
1514 3557 1653 3611 adeo
1698 3560 1912 3631 magni-

286 3633 446 3689 ﬁcas
465 3634 493 3688 1
522 3636 604 3690 Ad
633 3636 739 3692 hoc
766 3651 866 3691 rex
892 3635 1099 3706 :Quem
1117 3641 1429 3712 vituperare
1446 3646 1700 3714 putastis,
1734 3650 1910 3720 magis

280 3720 589 3778 laudastis.
616 3724 737 3795 Ipse
766 3740 901 3780 vero
931 3726 1023 3797 qui
1051 3727 1459 3799 vituperabatur
1486 3733 1603 3789 haec
1633 3736 1905 3803 adjunxit:

280 3809 451 3867 Bosa
480 3829 544 3868 ex
577 3813 750 3883 spinis
778 3822 902 3869 orta
931 3830 1281 3887 nequaquam
1328 3819 1757 3891 blasphematur.
1790 3826 1909 3881 Rex

282 3909 485 3955 autem
515 3902 768 3957 maximis
800 3903 1122 3959 honoratum
1151 3909 1469 3964 muneribus
1501 3927 1627 3965 eum
1678 3913 1903 3970 dimisit.

368 4016 617 4089 Contigit
643 4024 702 4071 ut
731 4017 949 4088 quidam
981 4019 1318 4077 versificator
1349 4024 1517 4079 nobili
1546 4034 1696 4082 ortus
1713 4045 1905 4100 prosa-

285 4105 413 4176 pia,
449 4120 646 4176 parum
676 4106 1073 4177 disciplinatus,
1107 4110 1228 4183 regi
1273 4112 1489 4167 cuidam
1540 4131 1730 4171 versus
1778 4134 1907 4174 suos

286 4192 554 4249 offerret.
595 4192 746 4263 Quos
778 4204 1035 4266 acceptos
1062 4214 1155 4252 rex
1172 4198 1311 4253 male
1334 4201 1552 4272 quidem
1574 4207 1905 4275 compositos

288 4283 530 4353 sprevit,
564 4283 811 4355 nihilque
841 4285 945 4339 sibi
975 4286 1140 4343 dedit.
1174 4289 1353 4360 Inquit
1383 4290 1548 4363 igitur
1566 4293 1906 4351 versiﬁcator

288 4371 459 4443 regi:
492 4372 546 4427 Si
575 4388 682 4426 non
714 4388 816 4443 pro
846 4374 1119 4443 versibus,
1153 4377 1347 4431 saltem
1390 4395 1492 4450 pro
1538 4384 1905 4453 generositate

288 4459 507 4531 aliquid
535 4461 664 4515 mihi
697 4462 919 4515 tribuas.
956 4463 1067 4519 Rex
1118 4480 1253 4538 ergo
1283 4467 1391 4521 ait:
1446 4468 1582 4537 Quis
1631 4480 1714 4526 est
1755 4481 1905 4543 pater

291 4550 470 4603 tuus?
503 4550 575 4602 At
604 4547 694 4603 ille
725 4550 827 4604 sibi
848 4550 1134 4607 indicavit.
1175 4555 1262 4609 Ait
1290 4571 1381 4610 rex
1411 4574 1424 4610 :
1483 4558 1682 4615 Semen
1733 4560 1787 4616 in
1846 4572 1900 4617 te

1580 423 1969 489 DlSClPLINA
2009 434 2414 500 CLERICALIS
3537 472 3641 529 6‘78

1273 546 1501 617 pientia,
1558 566 1758 608 census
1819 572 1948 612 vero
1974 559 2027 620 Α
2059 562 2245 633 vulpes
2275 565 2329 620 in
2361 571 2578 638 pascuis
2606 572 2830 642 invenit,
2856 585 3021 651 atque
3058 583 3333 642 admirans
3380 592 3453 645 ait
3496 615 3515 649 :
3562 598 3637 652 Tu

2060 660 2180 729 quis
2211 663 2317 716 es?
2345 666 2518 721 Mulus
2538 668 2669 725 dicit
2716 688 2775 727 se
2820 675 2918 729 Dei
2966 687 3081 734 este
3138 693 3473 745 creaturam.
3538 692 3636 749 Cui

2058 747 2247 818 vulpes
2281 769 2292 803 :
2328 753 2578 811 Habesne
2608 768 2815 828 patrem
2848 772 2938 819 aut
2979 776 3210 825 matrem
3236 772 3263 826 εν
3304 776 3476 832 Mulus
3523 747 3637 837 ait:

2055 837 2364 895 Avunculus
2396 859 2547 899 meus
2569 856 2651 901 est
2672 866 2845 921 equus
2858 870 3185 924 generosus.
3205 861 3354 917 Sicut
3374 881 3509 938 ergo
3527 886 3642 925 mu-

2053 930 2137 987 lus
2162 951 2270 990 non
2303 944 2647 1013 recognoscit
2693 947 2905 1003 asinum
2935 959 3143 1021 patrem
3176 973 3360 1027 suum,
3386 978 3450 1018 eo
3492 965 3639 1036 quod

2052 1022 2264 1095 pigrum
2294 1036 2346 1081 et
2365 1026 2609 1087 deforme
2639 1034 2838 1091 animal
2868 1047 2972 1106 est,
3014 1043 3091 1097 sic
3116 1043 3217 1100 iste
3246 1057 3456 1117 patrem
3478 1070 3637 1110 suum

2051 1111 2292 1168 confiteri
2324 1118 2686 1176 erubescebat
2732 1140 2834 1195 pro
2882 1126 3075 1185 inertia
3119 1148 3217 1188 sua
3270 1135 3629 1210 incognitum.

2051 1207 2162 1262 Rex
2193 1217 2372 1266 tamen
2420 1226 2747 1275 convertens
2804 1238 2865 1278 se
2920 1226 2987 1279 ad
3046 1230 3483 1291 versiﬁcatorem
3513 1240 3633 1298 ait:

2052 1296 2184 1353 Volo
2217 1308 2273 1353 ut
2302 1301 2510 1359 indices
2542 1307 2673 1360 mihi
2710 1318 2923 1379 patrem
2955 1321 3131 1371 tuum.
3171 1323 3236 1374 At
3268 1321 3357 1377 ille
3374 1326 3475 1380 sibi
3493 1296 3639 1385 indi;

2048 1385 2213 1440 cavit.
2251 1387 2515 1459 Cognovit
2545 1394 2708 1464 igitur
2738 1414 2836 1453 rex
2861 1401 2988 1471 quia
3041 1413 3196 1474 pater
3235 1411 3353 1477 ejus
3407 1413 3529 1469 vilis
3583 1426 3633 1473 et

2044 1477 2474 1552 indisciplinatus
2497 1497 2630 1556 erat,
2665 1500 2718 1546 et
2746 1493 2819 1548 ait
2852 1497 3024 1552 servis
3056 1501 3168 1555 suis
3196 1522 3206 1556 :
3258 1505 3461 1563 Demus
3508 1511 3632 1570 huic

2044 1567 2112 1622 de
2143 1570 2306 1625 rebus
2333 1576 2554 1639 nostris,
2588 1580 2713 1650 quia
2744 1599 2851 1637 non
2884 1585 3202 1659 degenerat.

2113 1685 2284 1739 Arabs
2310 1688 2384 1741 ait
2407 1691 2547 1759 patri
2578 1709 2676 1749 suo
2708 1712 2722 1750 :
2758 1697 2926 1754 Miror
2954 1717 3039 1757 me
3077 1703 3283 1776 legisse
3303 1707 3358 1763 in
3380 1716 3634 1784 tempori-

2041 1769 2141 1825 bus
2197 1777 2481 1843 pra-teritis
2519 1782 2731 1838 nobiles
2782 1785 2983 1843 facetos
3031 1769 3303 1862 sapientes
3350 1769 3628 1871 bono-rari,

2039 1860 2202 1915 modo
2233 1879 2364 1918 vero
2395 1866 2493 1920 soli
2525 1868 2859 1928 honorantur
2886 1860 3208 1937 leccatores.
3239 1886 3317 1939 Ad
3357 1890 3498 1958 quod
3523 1860 3624 1961 pa;

2034 1955 2114 2001 ter
2145 1965 2157 2001 :
2187 1950 2266 2004 Ne
2289 1952 2524 2021 mireris,
2558 1955 2655 2025 fili,
2690 1961 2815 2031 quia
2845 1964 3034 2022 clerici
3068 1969 3318 2039 clericos,
3367 1981 3626 2048 generosi

2032 2060 2351 2115 generosos,
2412 2050 2571 2107 faceti
2620 2055 2826 2113 facetos
2883 2063 3168 2132 honorant,
3228 2070 3525 2131 leccatores
3591 2094 3625 2134 a

2032 2131 2391 2192 leccatoribus
2421 2152 2768 2202 venerantur.
2793 2148 2995 2207 Filius:
3034 2131 3233 2211 Vidiet
3264 2158 3430 2230 aliud,
3474 2167 3621 2235 quod

2031 2220 2215 2278 clerici
2249 2240 2348 2293 pro
2377 2229 2644 2298 sapientia
2674 2250 2773 2290 sua
2820 2254 2927 2293 non
2976 2252 3098 2297 sunt
3146 2245 3416 2315 honorati,
3468 2255 3615 2312 unde

2032 2315 2293 2374 faetisunt
2319 2321 2641 2387 leccatores.
2669 2338 2721 2384 et
2742 2332 2810 2385 ad
2832 2350 3090 2406 magnum
3115 2356 3312 2397 venere
3334 2345 3620 2406 honorem.

2029 2414 2179 2470 Tunc
2208 2428 2365 2487 pater
2393 2422 2466 2476 ait
2495 2423 2569 2477 illi
2605 2443 2617 2479 :
2651 2428 2765 2483 Hoc
2795 2432 3018 2501 quidem
3051 2436 3158 2493 hac
3188 2438 3384 2496 inertia
3413 2451 3621 2518 tempo—

2028 2502 2105 2557 ris
2135 2507 2385 2579 contigit.
2424 2511 2505 2565 Ad
2538 2515 2689 2583 quod
2720 2515 2899 2574 filius:
2950 2522 3213 2582 Edissere
3256 2530 3407 2597 mihi,
3430 2564 3439 2583 ρ
3464 2502 3619 2605 pater

2027 2601 2329 2671 carissime,
2364 2623 2549 2662 veram
2574 2612 2875 2670 nobilitatis
2904 2618 3299 2681 difﬁnitionem.
3331 2628 3409 2682 At
3434 2601 3616 2701 pater:

2028 2690 2113 2755 Ut,
2138 2690 2308 2763 inquit
2328 2695 2647 2754 Aristoteles
2670 2702 2720 2755 in
2739 2704 2970 2774 epistola
2991 2725 3087 2763 sua
3109 2728 3272 2782 quam
3296 2690 3618 2780 Alexandro

2024 2789 2142 2859 regi
2174 2794 2499 2861 composuit,
2532 2800 2795 2869 meminit,
2823 2805 2915 2875 qui
2954 2822 3077 2862 cum
3116 2811 3187 2865 ab
3234 2829 3300 2869 eo
3348 2832 3619 2887 quaereret

2024 2894 2185 2948 quem
2216 2880 2316 2934 sibi
2340 2897 2405 2936 ex
2435 2884 2749 2943 hominibus
2780 2894 3154 2953 consiliarium
3189 2900 3412 2975 faceret,
3440 2908 3619 2967 taliter

2022 2981 2121 3036 per
2147 2968 2430 3039 epistolam
2464 2977 2761 3045 respondit.
2794 2982 3016 3054 Accipe,
3048 2987 3138 3056 ait,
3169 2991 3334 3046 talem
3382 2968 3473 3066 qui
3521 3014 3618 3055 se-

2021 3070 2168 3133 ptem
2201 3065 2520 3124 liberalibus
2572 3074 2783 3130 artibus
2842 3078 2912 3133 sit
2962 3081 3280 3153 instructus,
3334 3065 3617 3153 industriis

2022 3160 2227 3221 septem
2260 3157 2526 3226 eruditus,
2562 3171 2771 3232 septem
2801 3167 2962 3222 etiam
2991 3173 3349 3239 probitatibus
3367 3181 3610 3251 edoctus,

2020 3246 2075 3294 et
2100 3256 2207 3311 ego
2238 3244 2451 3301 aestimo
2479 3249 2621 3305 hanc
2651 3253 2942 3320 perfectam
2976 3260 3332 3319 nobilitatem.
3355 3244 3608 3326 Atfiliusi

2021 3336 2149 3392 Hazc
2180 3338 2436 3395 nobilitas
2466 3346 2521 3397 in
2552 3352 2796 3416 tempore
2826 3366 2950 3407 meo
2981 3370 3085 3409 non
3109 3358 3351 3430 contigit,
3371 3362 3611 3423 imoauri

2020 3432 2072 3478 et
2101 3428 2316 3497 argenti
2346 3437 2454 3484 tota
2478 3442 2560 3487 est
2586 3450 2745 3505 quam
2779 3438 2939 3495 video
2973 3443 3246 3515 nobilitas,
3261 3428 3336 3504 —ut
3380 3452 3458 3507 ait
3499 3456 3612 3526 qui-

2019 3512 2146 3568 dem
2176 3517 2543 3575 versificator:
2581 3522 2902 3582 Gloriticant
2930 3546 3079 3599 gazae
3125 3512 3363 3605 privatos
3410 3512 3610 3599 nobili-

2019 3615 2144 3674 tate,
2169 3624 2575 3687 paupertasque
2605 3620 2826 3677 domum
2858 3628 3050 3695 premit
3090 3630 3263 3688 altera
3309 3636 3606 3697 nobilitate.

2019 3707 2374 3765 Versiﬁcator
2402 3714 2625 3784 quidam
2680 3718 2749 3774 de
2793 3721 3213 3783 adversitatibus
3254 3734 3443 3789 saeculi
3489 3754 3609 3809 quae

2018 3798 2419 3866 superveniunt
2449 3804 2658 3859 nobiles
2687 3807 2889 3879 inquit:
2928 3812 3024 3868 Dic
3069 3814 3177 3870 illis
3222 3820 3313 3890 qui
3357 3838 3460 3892 pro
3503 3798 3602 3883 ad-

2016 3894 2359 3951 versitatibus
2389 3916 2510 3970 quae
2539 3903 2701 3958 nobis
2728 3907 3001 3977 accidunt,
3047 3928 3146 3968 nos
3196 3926 3606 3997 contempnunt,

2014 3982 2160 4053 quod
2187 3985 2445 4040 saeculum
2478 3990 2646 4045 nullis
2670 3992 2793 4049 fecit
2819 4000 3152 4055 contrarium
3179 4003 3285 4059 nisi
3332 3982 3606 4071 nobilibus

2013 4078 2240 4140 tantum.
2273 4073 2467 4130 Nonne
2494 4077 2649 4134 vides
2679 4083 2825 4153 quod
2854 4100 3003 4142 mare
3028 4088 3245 4146 devehit
3270 4102 3510 4153 stercora
3550 4111 3601 4159 et

2013 4168 2219 4239 paleas,
2254 4178 2307 4225 et
2334 4173 2561 4243 pretiosi
2589 4176 2801 4247 lapides
2830 4181 2882 4236 in
2896 4183 3123 4241 fundum
3146 4190 3393 4247 vadunt?
3412 4197 3606 4257 Nonne

2014 4265 2168 4321 vides
2201 4268 2343 4339 quod
2374 4270 2429 4323 in
2458 4273 2597 4328 coelo
2627 4284 2751 4330 sunt
2780 4279 2955 4335 stellae
2985 4283 3179 4353 quibus
3197 4290 3472 4349 nescimus
3505 4312 3605 4352 nu-

2012 4355 2266 4409 merum?
2294 4360 2362 4412 At
2392 4358 2619 4431 insuper
2648 4364 2797 4421 nulla
2823 4368 3042 4438 quidem
3085 4375 3290 4443 patitur
3335 4380 3601 4453 eclipsim,

2012 4450 2213 4512 praeter
2242 4446 2414 4500 solem
2445 4457 2496 4503 et
2540 4450 2749 4506 lunam.
2817 4459 2884 4509 At
2936 4468 3142 4528 pater:
3208 4465 3285 4519 Ex
3344 4446 3608 4542 temporis

2011 4528 2208 4586 inertia
2239 4535 2442 4589 accidit
2484 4539 2631 4608 quod
2680 4541 2931 4599 homines
2966 4546 3022 4602 in
3066 4550 3268 4606 divitiis
3318 4528 3494 4613 solum
3525 4562 3609 4630 ju-

294 4636 677 4709 ἀρεεηρτθνίι,
712 4638 783 4692 At
814 4638 939 4694 me:
971 4641 1104 4704 Rex,
1137 4658 1282 4714 saepe
1313 4644 1365 4698 in
1410 4645 1683 4704 frumento
1730 4648 1898 4704 0mm.
1929 4621 1980 4681 D
2008 4626 2187 4683 dicant
2216 4630 2586 4702 gloriandum.
2619 4637 2776 4693 Unus
2804 4657 2869 4695 ex
2909 4643 3196 4715 discipulis
3238 4651 3605 4728 interrogavit

297 4726 488 4797 siligo.
522 4726 603 4781 Ad
632 4728 734 4782 hoc
764 4743 855 4781 rex
890 4742 902 4782 :
934 4728 1009 4783 Te
1037 4730 1266 4786 minoris
1296 4735 1687 4805 generositatis
1736 4753 1899 4809 quam

297 4822 516 4885 patrem
546 4823 693 4870 tuum
714 4817 983 4886 probasti,
1018 4817 1278 4892 illumque
1327 4821 1625 4880 immunem
1683 4825 1763 4882 sic
1810 4826 1898 4881 di-

303 4903 476 4958 misit.

377 5019 527 5075 Alius
570 5020 904 5078 versificator
958 5022 1084 5078 item
1142 5025 1289 5081 venit
1343 5027 1411 5082 ad
1464 5045 1683 5102 regem,
1745 5042 1899 5104 patre

297 5107 551 5180 ignobili,
573 5109 673 5165 sed
702 5117 873 5165 matre
902 5127 1168 5183 generosa
1193 5132 1206 5181 ;
1230 5114 1625 5187 incompositus
1646 5121 1896 5193 equidem

290 5196 690 5269 incompositos
728 5199 923 5269 eptulit
964 5217 1174 5257 versus.
1228 5203 1391 5272 Cujus
1440 5214 1619 5262 mater
1668 5210 1901 5266 habebat

298 5285 518 5342 fratrem
546 5286 843 5342 litteratum
873 5295 928 5342 et
955 5287 1148 5345 facetia
1179 5291 1547 5361 splendidum.
1580 5295 1691 5352 Rex
1716 5307 1895 5355 autem

299 5391 424 5432 eum
452 5391 806 5448 nequaquam
836 5376 1134 5435 honoriﬁce
1152 5381 1412 5451 suscepit,
1438 5385 1692 5454 qumsivit
1715 5395 1896 5442 tamen

294 5471 360 5529 ab
388 5489 453 5530 eo
479 5474 635 5542 cujus
666 5471 810 5526 filius
841 5480 973 5540 erat,
1008 5482 1061 5528 at
1109 5475 1201 5531 ille
1244 5478 1532 5548 praetendit
1570 5480 1620 5535 ei
1668 5497 1899 5541 avuncu-

286 5562 399 5619 lum
422 5578 609 5627 suum,
643 5559 791 5615 unde
822 5576 928 5615 rex
958 5561 1011 5616 in
1069 5562 1291 5619 nimium
1321 5565 1486 5620 risum
1546 5584 1605 5624 se
1656 5586 1894 5627 conver-

284 5653 373 5710 tit.
410 5652 581 5708 Aiunt
612 5649 665 5705 ei
694 5647 781 5702 sui
810 5647 1104 5706 familiares
1140 5667 1152 5706 :
1186 5654 1341 5708 Unde
1371 5654 1473 5710 iste
1520 5664 1708 5713 tantus
1746 5660 1895 5717 risus

276 5742 584 5819 procedit?
613 5736 713 5792 Ait
744 5752 872 5791 rex:
912 5737 1167 5795 Fabulam
1190 5742 1461 5813 quandam
1491 5744 1545 5797 in
1579 5746 1720 5803 libro
1754 5764 1894 5819 quo-

272 5835 402 5893 dam
433 5832 702 5905 legeram
733 5841 895 5897 quam
926 5826 1010 5883 hic
1032 5830 1211 5886 oculis
1268 5832 1578 5904 conspicio.
1643 5838 1713 5891 At
1766 5836 1843 5891 illi
1876 5855 1888 5894 :

270 5928 551 5999 Quaenam
583 5921 675 5975 est
702 5912 799 5969 illa
826 5914 855 5969 ?
885 5915 972 5971 Ait
999 5934 1095 5975 rex
1130 5934 1142 5973 :
1192 5918 1398 5976 Mulum
1443 5922 1662 5980 noviter
1707 5931 1892 5981 natum

2007 4728 2331 4800 magistrum
2368 4748 2543 4799 suum,
2604 4734 2840 4795 dicens:
2896 4742 3030 4798 Cum
3085 4754 3294 4817 septem
3355 4753 3460 4808 sint
3514 4772 3603 4812 ar-

2007 4823 2089 4872 tes
2129 4824 2186 4873 et
2250 4828 2469 4891 septem
2536 4824 2837 4895 probitates
2902 4837 2955 4885 et
3019 4842 3228 4903 septem
3293 4837 3596 4915 industria,

2006 4914 2201 4971 vellem
2255 4925 2313 4971 ut
2361 4919 2458 4972 bas
2514 4920 2667 4987 mihi,
2724 4924 2864 4980 sicut
2917 4943 2977 4982 se
3033 4929 3255 4999 habent,
3314 4914 3602 4997 enumera»

2004 5018 2121 5058 res.
2170 5005 2474 5076 Magister:
2519 5008 2892 5069 Enumerabo.
2936 5017 3031 5073 Hae
3069 5028 3193 5073 sunt
3240 5028 3429 5080 artes:
3481 5029 3600 5086 dia-

2003 5090 2217 5158 lectica,
2276 5095 2635 5166 arithmetica,
2694 5104 3015 5171 geometria,
3066 5108 3310 5179 physica,
3369 5116 3596 5192 musica,

2005 5189 2362 5245 astronomia.
2404 5192 2484 5247 De
2514 5195 2743 5265 septima
2775 5214 2904 5255 vero
2926 5201 3158 5259 diversa:
3180 5216 3306 5262 sunt
3340 5210 3599 5280 plurimo-

2003 5292 2125 5331 rum
2153 5281 2432 5336 sententiaa
2448 5299 2699 5353 quamam
2717 5285 2817 5353 sit;
2848 5289 3155 5363 philosophi
3189 5296 3279 5366 qui
3308 5302 3599 5371 prophetas

2002 5388 2109 5429 non
2140 5383 2435 5444 sectantur,
2467 5379 2613 5434 aiunt
2642 5381 3065 5455 nigromantiam
3109 5406 3232 5448 esse
3276 5397 3586 5467 septimam.

2002 5469 2183 5540 Aliqui
2213 5486 2278 5525 ex
2309 5471 2415 5527 illis
2445 5475 2535 5546 qui
2565 5479 2861 5548 prephetiis
2879 5490 2928 5537 et
2959 5484 3319 5558 pbiIOSOphiae
3340 5500 3589 5569 credunt,

2001 5558 2193 5612 nolunt
2215 5575 2338 5615 esse
2359 5563 2643 5618 scientiam
2663 5582 2784 5638 quae
2802 5585 2894 5624 res
2916 5576 3194 5631 naturales
3215 5580 3299 5635 vel
3322 5581 3595 5645 elementa

2002 5654 2281 5709 mundana
2310 5660 2598 5727 praecellit.
2652 5661 2886 5731 Quidam
2940 5669 3035 5741 qui
3083 5674 3445 5749 philosophiae
3480 5700 3591 5741 non

2002 5744 2239 5811 student,
2281 5750 2695 5817 grammaticam
2748 5769 2873 5811 esse
2931 5756 3226 5818 afﬁrmant.
3293 5744 3593 5830 l’robitates

1999 5856 2133 5896 vero
2158 5841 2243 5896 hae
2273 5854 2397 5901 sunt
2433 5866 2443 5901 :
2476 5847 2741 5919 equitare,
2773 5860 2983 5923 natare,
3015 5859 3298 5932 sagittare,
3344 5867 3588 5927 cestibus

1998 5933 2231 6000 certare,
2262 5948 2554 6009 aucupare,
2586 5940 2800 5997 scachis
2828 5940 3039 6016 ludere,
3072 5951 3386 6010 versiﬁcari.
3418 5956 3583 6015 Indu-
