3966 6396
417 393 518 447 679

1345 363 1548 422 PETRI
1585 357 1935 419 ALPHONSI
1970 353 2072 412 EX
2107 347 2349 410 JUDEO
2388 341 2792 406 CHRISTIANI

3615 334 3736 388 680

415 513 560 568 striae
590 514 715 565 sunt
745 521 810 559 ne
839 502 908 557 sit
933 513 1120 562 vorax,
1143 501 1374 566 potator,
1399 487 1720 552 luxuriosus,
1765 482 2014 538 vinolen-
2045 481 2101 541 A
2131 475 2272 531 facto
2301 479 2632 546 exposceret.
2665 467 2769 538 Qui
2797 467 2998 522 donum
3048 463 3152 518 tale
3198 459 3501 533 expostulat
3552 465 3614 512 ut
3669 473 3738 511 se

420 613 521 670 tus,
580 595 836 659 mendax,
897 599 1091 646 avarus
1145 592 1198 638 et
1251 582 1320 637 de
1373 578 1518 634 mala
1587 571 2016 630 conversatione.

420 657 726 760 Discipulus
758 702 770 738 :
804 657 917 736 Hoc
945 685 1188 746 tempore
1217 678 1346 741 puto
1391 665 1664 721 neminem
1711 657 2019 731 hujusmodi

423 795 556 837 esse.
570 748 817 832 Correxit
838 767 1056 838 quidam
1079 760 1442 833 philosophus
1463 754 1630 809 ﬁlium
1651 766 1806 806 suum
1840 764 1853 800 :
1877 748 2022 802 Cave

424 864 786 927 mendacium,
819 857 946 927 quia
973 851 1183 907 dulcius
1212 856 1293 903 est
1321 861 1482 902 carne
1513 841 1852 905 voluchrum,
1898 851 2020 890 cum

429 953 548 1012 aliis
579 951 698 1006 leve
752 920 1224 998 sit-mendacium
1282 930 1545 1003 proferre,
1591 940 1756 996 quare
1814 920 2025 978 videtur

421 1009 588 1118 grave
616 1036 893 1094 veritatem
921 1029 1119 1082 dicere.
1138 1023 1284 1078 Alius
1302 1018 1654 1090 pliilOSOphus
1685 1033 1698 1067 :
1751 1012 1808 1068 Si
1847 1009 2024 1064 dicere

423 1106 630 1197 metuas
657 1131 800 1189 unde
832 1125 1119 1198 pumileas,
1149 1119 1344 1174 melius
1388 1123 1468 1170 est
1506 1125 1801 1181 numquam
1847 1106 2024 1161 dicere

421 1232 496 1287 sic
520 1219 844 1284 verecundia
867 1211 1125 1286 negandi,
1148 1224 1280 1264 cave
1302 1221 1371 1261 ne
1411 1202 1606 1258 inferat
1645 1198 1739 1254 tibi
1787 1194 2023 1250 necessi-

423 1326 584 1376 tatem
607 1305 921 1373 mentiendi,
944 1302 1072 1373 quia
1085 1295 1361 1354 honestius
1377 1300 1457 1347 est
1470 1306 1584 1346 rem
1629 1301 1828 1358 negare
1863 1297 2024 1354 quam

421 1371 616 1479 longos
644 1371 1084 1458 terminosrdiare.
1133 1387 1316 1442 Alius:
1366 1381 1410 1436 si
1459 1377 1741 1434 mendacio
1803 1371 2029 1444 quilibet

423 1474 679 1559 salvatur,
712 1486 883 1544 multo
914 1479 1093 1552 magis
1121 1474 1346 1532 veritate
1373 1474 1632 1526 servatur.

493 1595 786 1649 Accusatus
815 1579 1036 1652 quidam
1067 1574 1259 1629 ductus
1287 1576 1369 1624 est
1397 1573 1520 1623 ante
1550 1578 1736 1634 regem
1759 1559 2022 1630 judicem,

424 1693 736 1756 negansque
766 1672 973 1729 crimen
1023 1662 1335 1734 impositum
1394 1655 1610 1712 tandem
1668 1647 2022 1706 convincitur.

424 1739 526 1832 Cui
548 1739 681 1826 rex-z
706 1759 1003 1834 Dupliciter
1020 1749 1278 1824 punieris,
1302 1745 1470 1802 semel
1492 1759 1588 1815 pro
1609 1739 1836 1796 crimine
1867 1751 2025 1792 com-

2123 575 2416 644 janitorem
2447 587 2558 626 sua:
2587 567 2814 625 civitatis
2859 582 2958 636 per
3001 577 3242 619 mensem
3293 561 3514 623 faceret,
3553 564 3607 610 et
3654 555 3736 610 ab

2129 663 2278 719 omni
2305 661 2539 734 gibboso
2567 657 2872 730 denarium,
2901 654 2968 708 de
2998 652 3245 708 scabioso
3297 647 3599 712 denarium,
3656 645 3738 698 de

2132 733 2439 806 monoclero
2460 746 2762 811 denarium,
2785 753 2837 798 et
2865 743 2933 798 de
2991 739 3373 812 impetiginoso
3419 733 3734 797 denarium,

2130 857 2183 904 et
2210 849 2277 903 de
2305 846 2555 902 hernioso
2588 843 2900 898 denarieum
2929 839 3171 902 haberet,
3205 835 3348 906 quod
3370 850 3465 888 rex
3493 847 3736 887 conces-

2131 937 2198 993 sit
2225 945 2280 992 et
2306 935 2485 1008 sigillo
2543 931 2842 988 roboravit.
2917 928 3044 998 Qui,
3101 923 3397 980 ministerio
3453 927 3736 990 suscepto,

2130 1033 2300 1097 porta
2330 1007 2528 1079 assedit
2545 1029 2599 1076 et
2618 1018 2970 1075 ministerium
2991 1032 3148 1070 suum
3179 1013 3307 1085 egit.
3349 1009 3595 1080 Quadam
3639 1007 3740 1062 die

2131 1125 2390 1197 gibbosus
2409 1123 2547 1178 bene
2565 1126 2786 1190 capatus
2797 1133 2919 1172 cum
2931 1114 3124 1170 baculo
3138 1118 3347 1184 portam
3367 1107 3583 1164 intravit
3603 1120 3620 1174 ;
3644 1105 3742 1161 cui

2131 1211 2463 1269 versiﬁcator
2489 1209 2682 1265 obvius
2700 1205 2982 1261 denarium
3012 1201 3262 1274 postulat,
3294 1198 3385 1268 qui
3407 1196 3532 1251 dare
3551 1195 3738 1248 dene-

2132 1310 2250 1374 gat.
2295 1297 2659 1356 Versiﬁcatore
2693 1295 2802 1351 vim
2834 1293 3115 1358 inferente,
3143 1290 3272 1343 dum
3295 1285 3566 1358 caputium
3589 1283 3743 1338 levat

2132 1401 2201 1456 de
2229 1399 2424 1470 capite,
2459 1396 2750 1470 gibbosum
2781 1389 3136 1462 deprehendit
3179 1385 3544 1441 monoclerum
3589 1398 3739 1447 esse,

2133 1489 2269 1543 duos
2297 1502 2428 1559 ergo
2450 1483 2702 1539 denarios
2716 1481 2997 1552 postulata
3017 1492 3122 1548 quo
3136 1475 3283 1548 prius
3295 1489 3460 1528 unum
3486 1471 3738 1542 expetiit.

2133 1577 2317 1634 Noluit
2335 1557 2483 1640 dare,
2515 1580 2750 1628 retentus
2778 1577 2876 1624 est.
2906 1568 3030 1622 Non
3076 1565 3281 1642 habens
3332 1560 3588 1616 auxilium
3641 1557 3740 1611 fu-

2133 1682 2264 1738 gere
2292 1663 2476 1733 voluit,
2511 1661 2604 1716 sed
2633 1675 2732 1730 per
2771 1655 3044 1727 caputium
3083 1660 3359 1720 retractus,
3403 1648 3578 1719 capite
3627 1662 3741 1700 nu-

2134 1765 2260 1820 dato
2317 1759 2566 1833 apparuit
2619 1756 2914 1813 scabiosus.
2973 1755 3276 1822 lnterrogat
3321 1747 3560 1819 protinus
3631 1751 3745 1797 tres

426 1871 609 1936 misso.
669 1858 906 1919 secundo
960 1869 1061 1925 1)το
1113 1847 1338 1905 crimine
1392 1849 1612 1936 ηεὲαιο-
1681 1835 1829 1892 Alius
1895 1849 2018 1936 cu?
2049 1843 2102 1903 Β
2132 1831 2409 1908 denarios:
2434 1848 2634 1904 Videns
2663 1845 2924 1918 gibbosus
2943 1857 3116 1910 neque
3147 1839 3295 1910 fuga,
3318 1851 3491 1905 neque
3531 1831 3742 1888 auxilio

425 1921 672 2018 similiter
701 1954 980 2007 accusatus
1026 1938 1170 2012 quod
1219 1933 1566 1991 commiserat
1623 1942 1734 1981 non
1787 1921 2026 1994 negavit,

427 2051 678 2106 dixerunt
706 2038 823 2111 regi
879 2033 972 2105 qui
1019 2011 1315 2092 astiterant,
1376 2020 1446 2076 de
1499 2017 1726 2074 crimine
1782 2011 2030 2068 confesso

421 2143 688 2220 judicium
718 2109 918 2192 sumet.
954 2129 1077 2184 Non
1108 2126 1201 2189 ita,
1233 2137 1329 2176 rex
1367 2115 1558 2188 inquit,
1613 2111 1740 2184 quia
1785 2109 2030 2220 ph‘iloso-

429 2198 567 2309 phus
610 2227 774 2284 dicit:
816 2215 1102 2278 Conﬁtenti
1149 2215 1430 2284 peccatum
1475 2204 1611 2301 ratio
1656 2207 1738 2255 est
1790 2198 2031 2309 reclaxare

429 2287 710 2397 judicium,
741 2314 922 2381 sicque
955 2306 1093 2361 liber
1123 2301 1293 2356 factus
1319 2313 1350 2352 a
1377 2310 1507 2366 rege
1537 2289 1800 2347 discessit.
1835 2287 2032 2342 Socra-

431 2385 510 2480 tes
545 2439 558 2475 :
593 2417 744 2474 Sicut
771 2414 936 2466 homo
967 2400 1202 2459 mendax
1233 2397 1288 2451 in
1316 2389 1594 2466 principiis
1622 2385 1878 2443 comitatu
1926 2395 2034 2434 non

435 2506 706 2570 convenit,
747 2501 825 2555 sic
861 2513 894 2550 a
931 2506 1101 2566 regno
1153 2485 1410 2543 caelorum
1485 2473 1852 2534 excludendus
1915 2469 2033 2523 erit.

694 2559 1054 2660 philosophns
1071 2575 1210 2633 dixit
1229 2573 1340 2628 ﬁlio
1361 2585 1458 2625 suo
1485 2587 1497 2622 :
1523 2565 1671 2664 Sicut
1692 2561 1834 2635 ignis
1855 2559 2036 2658 ignem

436 2649 546 2744 Eon
576 2649 748 2756 punit,
781 2675 858 2730 sic
885 2671 1089 2727 malum
1127 2663 1274 2720 malo
1328 2675 1440 2714 non
1493 2654 1637 2711 cedit
1669 2667 1682 2722 ;
1741 2657 1799 2705 ut
1855 2649 2037 2720 ignem

437 2735 894 2847 aquarextinguit,
934 2760 1012 2815 sic
1047 2757 1193 2811 bono
1221 2749 1437 2847 malum
1463 2834 1472 2844 ο
1503 2742 1731 2847 quilibet
1785 2735 2030 2847 destruit;

435 2821 521 2920 N1e
545 2857 740 2916 reddas
758 2821 971 2908 inalum
1001 2860 1099 2917 pro
1130 2840 1295 2904 malo,
1337 2852 1404 2890 ne
1432 2834 1505 2888 sis
1533 2828 1722 2886 similis
1749 2825 1914 2892 malo,
1946 2821 2040 2876 sed

437 2957 602 3016 redde
626 2955 852 3014 bonum,
884 2953 944 3001 ut
972 2941 1164 2998 melior
1201 2937 1274 2991 sis
1293 2931 1456 2988 malo.
1483 2928 1632 2983 Alius
1653 2921 2038 3016 philosophus

437 3051 518 3106 Ne
549 3041 792 3102 conﬁdas
821 3038 877 3092 in
908 3022 1050 3089 malo
1073 3029 1117 3083 si
1162 3023 1459 3098 periculum
1499 3013 1736 3073 evaseris
1790 3017 1848 3064 ut
1896 3005 2042 3063 aliud

439 3140 608 3201 ineas,
643 3131 771 3202 quia
798 3123 930 3182 illud
960 3136 1070 3177 non
1103 3115 1268 3172 facies
1321 3119 1382 3166 ut
1434 3106 1610 3163 simile
1669 3108 2032 3174 pertranseas.

2137 1958 2194 1996 se
2225 1956 2382 2012 posse
2409 1934 2650 2001 defendi,
2692 1933 2866 2002 cmpit
2913 1929 2966 1986 vi
3013 1928 3278 1994 resistere,
3332 1921 3741 1989 defendensque

2138 2055 2195 2094 se
2225 2036 2436 2092 nudatis
2488 2032 2724 2088 brachiis
2769 2027 3018 2100 apparuit
3063 2025 3268 2080 habens
3315 2019 3689 2092 impetiginem
3725 2031 3741 2084 ;

2141 2134 2388 2198 quartum
2445 2138 2574 2178 vero
2623 2118 2903 2174 denarium
2962 2114 3212 2188 postulat.
3271 2111 3369 2168 Cui
3424 2105 3741 2163 defendenti

2142 2195 2371 2287 cappam
2400 2210 2637 2278 abstulit,
2669 2215 2724 2264 et
2751 2207 2975 2263 cadente
3007 2204 3099 2258 illo
3147 2202 3202 2256 in
3257 2208 3476 2265 terram,
3523 2195 3743 2252 hemio-

2142 2329 2260 2366 sum
2290 2308 2570 2380 comperit,
2606 2305 2849 2376 quintum
2881 2317 3012 2374 ergo
3042 2297 3321 2354 denarium
3369 2293 3606 2350 extorsit.
3650 2291 3744 2346 Sic

2143 2399 2371 2472 contigit
2399 2405 2458 2453 ut
2485 2395 2576 2468 qui
2614 2410 2781 2449 unum
2821 2391 2949 2446 dare
2981 2388 3198 2454 noluit,
3258 2385 3492 2456 quinque
3542 2380 3744 2437 invitus

2145 2489 2314 2545 dedit.

2219 2586 2367 2641 Dixit
2397 2583 2750 2656 philosophus
2775 2577 2887 2632 ﬁlio
2917 2593 3014 2631 suo
3039 2595 3050 2630 :
3085 2573 3205 2642 Fili,
3236 2570 3360 2629 vide
3391 2585 3458 2624 ne
3507 2575 3749 2622 transeas

2149 2692 2246 2748 per
2271 2673 2458 2728 sedem
2489 2671 2668 2744 gentis
2721 2668 2940 2737 iniquae,
3001 2662 3252 2719 transitus
3302 2672 3534 2726 namque
3582 2670 3749 2710 causa

2147 2764 2207 2820 ﬁt
2255 2770 2441 2832 status,
2509 2766 2676 2814 status
2740 2755 2954 2812 occasio
3021 2748 3291 2818 sessionis,
3355 2746 3520 2801 sessio
3585 2759 3750 2798 causa

2150 2865 2349 2920 operis.

2745 2985 3012 3042 FABULA
3050 2985 3142 3040 Vl.

2224 3113 2436 3168 Dictum
2457 3118 2538 3166 est
2554 3108 2690 3163 duos
2702 3105 2924 3162 clericos
2959 3104 3028 3158 de
3060 3101 3274 3157 civitate
3313 3098 3484 3154 exisse
3509 3109 3754 3165 vespere-

439 3232 588 3291 Dixit
614 3183 874 3284 Aurabicus
903 3217 1014 3273 ﬁlio
1043 3228 1138 3269 suo
1172 3230 1184 3266 :
1219 3208 1276 3266 Si
1315 3202 1515 3263 videris
1545 3195 1858 3291 quemlibet.
1888 3190 2045 3288 malis
2075 3202 2124 3265 α
2151 3209 2209 3258 ιη
2263 3199 2712 3272 “patrial-9mm,
2758 3195 3026 3249 venerum
3053 3206 3186 3262 ergo
3214 3190 3270 3243 in
3298 3187 3476 3243 locum
3503 3183 3594 3238 ubi
3627 3189 3754 3252 pom

441 3278 1080 3394 operibuswpraagravari,
1138 3316 1206 3355 ne
1264 3305 1316 3352 te
1369 3289 1712 3356 intromittas,
1771 3283 1897 3354 quia
1953 3278 2044 3350 qui

444 3381 747 3485 pendulum
767 3381 1009 3465 solverit,
1041 3405 1205 3462 super
1231 3400 1354 3441 eum
1384 3381 1510 3438 erit.

1042 3556 1314 3617 FABULA
1343 3551 1434 3608 IV.

515 3705 802 3765 Transiens
831 3695 1052 3770 quidam
1073 3703 1171 3762 per
1210 3684 1438 3756 sylvam,
1490 3673 1698 3734 invenit
1743 3674 2048 3740 serpentem

447 3819 479 3858 a
509 3763 814 3872 pastoribus
842 3763 1118 3842 extentum
1147 3783 1200 3830 et
1245 3768 1515 3843 stipitibus
1545 3763 1849 3872 alligatum,
1889 3770 2050 3826 quem

447 3851 577 3947 mdx
603 3883 836 3941 solutum
865 3872 1160 3931 calefacere
1203 3859 1428 3918 curavit.
1483 3851 1784 3911 Calefactus
1831 3859 2052 3915 serpens

605 3935 892 4028 inventam
949 3971 1166 4030 serpere
1211 3949 1395 4021 coepit,
1454 3951 1507 4000 et
1551 3940 1771 4036 tandem
1825 3935 2052 4036 ligatum

449 4020 686 4140 graviter
713 4020 944 4113 strinxit.
975 4020 1127 4104 Tdnc
1155 4045 1356 4140 homo“:
1380 4031 1571 4140 ‘Quid,
1621 4026 1812 4098 inquit,
1863 4021 1998 4140 facis
2023 4020 2052 4072 εἰ

815 4156 914 4215 pro
941 4140 1089 4194 bono
1117 4129 1299 4187 reddis
1317 4127 1344 4179 ‘.’
1362 4124 1444 4180 Ad
1473 4123 1590 4176 haec
1627 4129 1848 4215 serpens
1872 4131 1883 4166 :
1923 4111 2054 4215 ’δατ

450 4196 844 4300 ἷυῖωξῖξιζξηῖ
865 4196 1024 4284 facio.
1049 4224 1277 4284 Bonum,
1299 4215 1375 4270 ait
1392 4211 1502 4278 ille,
1528 4207 1623 4264 tibi
1655 4204 1776 4273 feci,
1823 4208 1876 4256 et
1922 4196 2055 4252 illud

453 4292 760 4388 n—i—alovmihi
806 4317 1008 4375 solvis?
1071 4311 1182 4367 Illis
1233 4307 1310 4361 sic
1365 4292 1832 4358 contendentibus,
1869 4294 2057 4344 vocata

454 4429 534 4478 est
561 4419 700 4474 inter
726 4427 821 4468 eos
839 4402 1187 4476 adjudicium
1207 4395 1418 4466 vulpes,
1453 4389 1537 4446 cui
1578 4391 1748 4441 totum
1789 4387 1848 4434 ut
1879 4375 2060 4433 evenit

455 4528 522 4568 ex
553 4505 740 4565 ordine
763 4499 1120 4556 monstratum
1168 4492 1266 4542 est.
1323 4483 1474 4537 Tunc
1528 4475 1716 4546 vulpes
1749 4469 1925 4568 :"De.
1957 4467 2058 4520 hac

454 4548 616 4654 causa
643 4605 742 4662 per
769 4583 1009 4642 auditum
1032 4574 1277 4647 judicare
1301 4569 1514 4641 ignoro,
1543 4560 1644 4616 nis'i
1667 4555 1895 4628 qualiter
1915 4551 2052 4605 inter
2079 4548 2130 4608 D

454 4702 554 4744 vos
569 4643 802 4756 primum
818 4670 979 4729 fuerit
1001 4666 1070 4724 ad
1092 4661 1308 4721 oculum
1339 4654 1520 4714 video.
1552 4649 1830 4719 Religatur
1861 4643 2056 4738 iterum

455 4727 677 4846 serplens
703 4775 760 4824 ut
787 4763 954 4836 prius.
977 4755 1162 4821 Modo,
1186 4747 1361 4820 inquit
1386 4742 1598 4846 vulpes,
1629 4752 1662 4792 o
1707 4747 1950 4846 serpens,
2011 4727 2056 4782 si

455 4819 611 4938 potiris
637 4819 888 4920 evadere,
917 4843 1166 4911 discede;
1197 4847 1269 4906 et,
1301 4838 1487 4930 homo,
1539 4828 1607 4927 de
1643 4819 1903 4938 solvendo
1947 4832 2060 4938 Iser-

459 4907 618 5028 E231;
1075 4907 1268 4988 Nonne
1288 4921 1468 4997 legisti
1493 4917 1621 4990 quia
1642 4913 1732 4985 qui
1761 4907 2058 4982 pendulum

457 5021 638 5110 solvit,
661 5049 822 5108 super
851 5029 1002 5086 illum
1031 5021 1155 5079 erit.

531 5102 680 5204 Dixit
706 5102 878 5198 ﬁrabs
895 5133 1007 5189 ﬁlio
1035 5143 1178 5185 suo:
1239 5121 1296 5178 Si
1352 5121 1608 5192 gravatus
1662 5105 1826 5164 fueris
1880 5102 2060 5200 aliquo

460 5237 623 5294 modo
653 5239 707 5288 et
736 5227 892 5284 facile
912 5219 1086 5293 possis
1123 5209 1361 5276 liberari,
1419 5221 1528 5261 non
1578 5204 1848 5294 expectes,
1911 5189 2057 5294 quia,

461 5328 590 5383 dum
623 5280 935 5393 expectabis
949 5303 1166 5365 liberari
1209 5297 1436 5362 facilius,
1467 5280 2060 5393 gra‘v‘aberis‘amplius,

465 5367 602 5472 2:
624 5367 1026 5474 tigi‘contingat
1053 5392 1197 5467 quod
1229 5384 1455 5457 contigit
1497 5379 1728 5453 gibboso
1777 5372 1846 5428 de
1890 5367 2064 5426 versi-

468 5503 710 5559 ﬁcatore.
749 5496 814 5552 Et
841 5471 1136 5563 quo—modo,
1167 5477 1343 5549 inquit
1366 5471 1550 5529 ﬁlius?

546 5796 782 5870 Quidam
799 5786 1127 5846 versiﬁcator
1144 5794 1330 5838 versus
1340 5773 1545 5832 faciens
1560 5761 1902 5870 praescptavit
1929 5756 2068 5830 regi,

479 5897 534 5950 ct
556 5851 801 5946 laudavit
833 5896 931 5938 rex
959 5871 1261 5954 ingenium,
1297 5863 1560 5942 jussitquc
1609 5862 1668 5912 ut
1714 5851 1916 5910 donum
1971 5861 2070 5922 pro

2154 3307 2297 3356 tores
2317 3301 2698 3353 convenerant.
2727 3290 2876 3347 Dixit
2921 3289 3055 3344 alter
3109 3286 3256 3342 socio
3313 3299 3445 3338 suo:
3507 3280 3753 3336 Diverta-

2155 3405 2276 3444 mus
2303 3386 2410 3442 alia
2431 3385 2539 3451 via,
2563 3382 2689 3453 quia
2709 3379 3062 3452 philosophus
3081 3375 3210 3430 dicit
3231 3389 3338 3428 non
3366 3368 3746 3426 transeundum

2158 3493 2256 3549 per
2281 3475 2466 3530 sedem
2497 3471 2675 3544 gentis
2703 3469 2923 3538 iniqua).
2966 3463 3263 3536 Respondit
3307 3460 3516 3516 socius:
3549 3457 3748 3512 Trans-

2153 3574 2257 3628 itus
2284 3587 2394 3627 non
2420 3567 2656 3634 nocebit,
2685 3567 2728 3620 si
2758 3563 2906 3620 aliud
2935 3577 3043 3618 non
3075 3559 3233 3615 fuerit
3260 3573 3274 3628 ;
3326 3565 3378 3614 et
3425 3559 3752 3610 transeuntes

2157 3661 2443 3718 audierunt
2469 3659 2525 3713 in
2550 3657 2714 3712 domo
2735 3653 3080 3709 cantilenam.
3101 3647 3310 3706 Sustitit
3355 3645 3489 3701 alter
3523 3649 3756 3696 retentus

2158 3749 2442 3807 dulcedine
2469 3753 2674 3802 cantus.
2706 3741 2916 3798 Monuit
2941 3739 3118 3795 socius
3147 3738 3242 3802 ire,
3275 3735 3366 3806 qui
3409 3731 3603 3788 noluit.
3656 3729 3754 3784 Re-

2159 3847 2383 3902 cedente
2410 3843 2558 3898 socio
2587 3837 2846 3895 remansit
2873 3835 3038 3903 solus,
3089 3833 3402 3901 illectusque
3448 3834 3606 3883 cantu
3652 3825 3752 3878 do-

2160 3951 2308 3990 mum
2346 3930 2582 3987 intravit.
2615 3927 2862 3996 Undique
2905 3931 3126 3980 vocatus
3179 3919 3334 3988 sedit,
3391 3917 3583 3972 sedens
3636 3929 3752 3968 cum

2161 4024 2280 4081 aliis
2309 4021 2533 4095 potavit.
2565 4019 2630 4073 Et
2688 4032 2812 4071 ecce
2862 4027 3039 4085 praeco
3075 4010 3471 4081 exploratorem
3529 4002 3753 4059 civitatis

2163 4121 2460 4194 fugientem
2491 4130 2739 4185 sequens,
2773 4117 2894 4183 post
2923 4110 3076 4164 illum
3103 4108 3324 4161 domum
3356 4101 3650 4175 potantium
3679 4099 3756 4152 in-

2165 4209 2340 4266 travit.
2361 4210 2588 4262 Invento
2605 4203 2944 4273 exploratore
2958 4199 3012 4252 in
3033 4197 3126 4252 illa
3152 4195 3334 4259 domo,
3361 4193 3475 4262 ipse
3495 4197 3547 4245 et
3575 4203 3755 4244 omnes

2162 4299 2307 4369 capti
2337 4303 2458 4351 sunt
2488 4311 2500 4346 :
2532 4293 2650 4354 Hic,
2684 4288 2874 4360 inquit,
2911 4285 3200 4358 hospitium
3245 4281 3402 4352 hujus
3451 4278 3752 4350 explorato-

2161 4390 2235 4446 ris
2265 4387 2384 4455 fuit,
2406 4384 2532 4440 hinc
2560 4381 2708 4447 exiit,
2743 4381 2848 4434 huc
2896 4375 3072 4442 rediit,
3104 4389 3293 4428 omnes
3320 4369 3518 4426 conscii
3546 4375 3597 4422 et
3634 4364 3754 4421 socii

2167 4477 2343 4533 fuistis
2375 4473 2553 4543 hujus.
2585 4467 2743 4524 Ducti
2791 4473 2915 4521 sunt
2968 4480 3156 4520 omnes
3211 4461 3280 4517 ad
3336 4457 3654 4530 patibulum,
3707 4462 3754 4510 et

2163 4573 2384 4631 clericus
2412 4571 2552 4624 inter
2579 4567 2701 4622 illos
2726 4579 2928 4636 magna
2957 4577 3091 4617 voce
3111 4556 3443 4630 pradicabat
3475 4551 3750 4609 omnibus:

2165 4661 2419 4734 Quisquis
2446 4658 2645 4727 iniquae
2672 4653 2848 4727 gentis
2877 4649 3143 4708 consortio
3174 4647 3383 4712 fruitur,
3435 4640 3619 4716 procul
3657 4640 3754 4694 du-

2165 4754 2257 4811 bio
2287 4750 2476 4806 mortis
2505 4744 2790 4802 immeritae
2824 4757 3012 4814 poenas
3032 4740 3292 4794 lucratur.

2239 4843 2426 4897 Fertur
2465 4835 2533 4892 de
2571 4833 2784 4890 duobus
2820 4828 3096 4901 discipulis
3149 4825 3294 4896 quod
3348 4827 3634 4878 execuntes
3690 4818 3751 4872 de

2167 4927 2402 5001 quadam
2430 4924 2644 4981 civitate
2674 4926 2935 4977 venerunt
2957 4917 3012 4970 in
3041 4916 3220 4972 locum
3250 4911 3342 4968 ubi
3364 4926 3468 4966 vox
3489 4905 3751 4977 cujusdam

2169 5025 2388 5083 feminae
2415 5021 2574 5080 valde
2603 5035 2800 5076 sonora
2853 5013 3193 5081 audiebatur,
3251 5010 3524 5078 verbaque
3581 5011 3752 5060 cantus

2171 5115 2310 5170 bene
2340 5110 2642 5182 composita
2670 5113 2840 5172 erant,
2875 5112 2928 5159 et
2975 5109 3162 5158 cantus
3215 5099 3329 5171 ipse
3385 5096 3587 5152 musice
3642 5109 3754 5148 con-

2170 5210 2397 5259 structus
2444 5180 2602 5256 valde
2659 5191 2994 5250 delectabilis
3051 5197 3104 5245 et
3159 5185 3452 5244 amatorius
3504 5180 3742 5238 insonuit.

2173 5301 2382 5359 Sustitit
2407 5299 2542 5355 alter
2569 5295 2836 5352 cantilena
2855 5298 3091 5347 retentus
3114 5304 3130 5360 ;
3159 5288 3246 5344 cui
3301 5285 3476 5342 socius
3500 5302 3512 5338 :
3573 5281 3750 5337 Diver-

2175 5401 2368 5456 tamus,
2399 5395 2453 5444 et
2471 5387 2802 5442 diverterunt
2831 5381 2974 5447 hinc,
3035 5377 3162 5448 quia
3216 5374 3484 5430 interdum
3542 5369 3752 5427 volucris

2173 5478 2436 5550 decipitur
2465 5483 2623 5532 cantu
2652 5489 2758 5543 quo
2787 5470 2856 5526 ad
2877 5476 3104 5524 mortem
3133 5463 3461 5538 producitur,
3502 5469 3556 5516 et
3581 5459 3752 5513 iterum

2176 5549 2344 5624 unus:
2377 5567 2484 5622 Ista
2507 5579 2615 5622 vox
2644 5561 2852 5617 dulcior
2881 5566 2960 5613 est
2989 5557 3081 5611 illa
3101 5569 3263 5625 quam
3293 5567 3397 5624 ego
3436 5558 3490 5606 et
3517 5549 3754 5622 magister

2176 5674 2330 5714 meus
2342 5653 2673 5726 jampridem
2703 5649 3070 5706 audieramus.
3109 5645 3176 5699 Et
3202 5641 3377 5713 qualis
3421 5646 3555 5708 erat,
3601 5636 3753 5708 inquit

2178 5757 2330 5823 alter,
2362 5761 2416 5808 et
2442 5747 2714 5822 quomodo
2743 5746 2890 5801 illam
2919 5740 3141 5798 audistis
3161 5743 3190 5794 ‘?
3239 5738 3449 5805 Evenit,
3498 5733 3632 5790 dixit
3669 5749 3749 5788 so-

2179 5845 2313 5916 cius,
2355 5839 2500 5916 quod
2531 5855 2563 5894 a
2609 5835 2824 5893 civitate
2883 5831 3206 5902 exieramus,
3265 5837 3317 5884 et
3368 5827 3444 5883 sic
3502 5840 3608 5884 vox
3663 5839 3751 5880 una
