3966 6450
242 529 562 595 “pert-ima
603 538 1008 609 audiebatur,
1041 547 1092 594 et
1121 545 1312 595 cantus
1343 539 1762 607 incompositus,
1786 553 1913 591 ver-
1945 520 1998 575 Α
2028 534 2244 587 rissime
2273 534 2509 596 domine,
2545 545 2596 584 ut
2644 534 2862 586 oculum
2895 548 3084 584 suumn
3153 541 3458 584 medlcutatt
3507 542 3619 583 arte
3721 538 3724 541 '

2022 621 2340 678 confirmem
2361 631 2411 675 et
2440 620 2702 684 carmine,
2723 636 2792 675 ne
2820 619 2896 674 ita
2926 621 3140 674 eveniat
3165 620 3232 673 de
3255 635 3387 673 sano
3417 618 3620 672 utmihi

2029 710 2208 766 evenit
2231 712 2339 779 jam
2371 711 2439 764 de
2469 725 2753 780 percusso,
2786 708 2909 780 quia
2953 709 3252 778 dampnum
3280 715 3428 762 tuum
3457 722 3621 762 com-

2020 815 2183 854 mune
2213 807 2299 855 est
2327 797 2504 853 nobis.
2521 800 2892 868 Apponensos
2909 813 3066 850 suum
3085 796 3155 850 ad
3177 795 3390 851 oculum
3426 809 3621 850 sanum

243 611 412 687 itaque
451 620 837 684 inordinate
870 629 1163 693 sonabant,
1197 627 1399 699 quique
1435 627 1683 682 cantabat
1715 626 1915 695 smpins

247 716 336 773 per
364 705 532 766 idem
567 718 931 785 repetebat,
965 725 1018 772 et
1045 732 1144 771 suo
1176 716 1302 771 licet
1333 731 1534 785 aspero
1564 723 1725 769 cantu
1757 714 1915 784 quasi

254 793 588 856 delectabili
623 803 1038 862 detinebatur.
1077 807 1235 860 'l‘unc
1264 805 1393 858 mihi
1417 804 1708 873 magister:
1743 803 1802 858 Si
1831 819 1916 858 ve-

261 899 376 941 rum
410 895 505 946 est
528 893 703 964 quod
726 896 1001 950 homines
1020 895 1405 949 dicuntvocem
1425 893 1658 948 bubonis
1676 891 1916 947 hominis

269 985 506 1034 mortem
538 985 934 1050 portendere,
950 992 1076 1038 tunc
1097 984 1207 1038 ista
1228 981 1345 1036 sine
1366 981 1533 1036 dubio
1555 997 1658 1036 vox
1681 981 1915 1036 bubonis

277 1066 488 1122 homini
505 1079 766 1127 mortem
783 1072 1088 1126 annuntiat.
1105 1071 1201 1125 Cui
1223 1085 1328 1142 ego
1353 1088 1366 1124 :
1391 1069 1572 1137 Miror,
1589 1085 1711 1126 cum
1725 1077 1914 1125 cantus

290 1155 356 1211 sit
372 1165 482 1212 tam
502 1160 809 1227 horridus,
833 1177 936 1216 cur
963 1159 1069 1215 iste
1098 1167 1304 1214 tantum
1325 1158 1381 1213 in
1402 1158 1498 1213 illo
1518 1157 1916 1214 delectatur.Et

300 1246 395 1303 ille
423 1247 557 1302 mihi
582 1249 752 1304 :Non
785 1248 1100 1304 recordaris
1128 1247 1275 1302 illius
1296 1247 1603 1318 pliilOSOphi
1631 1247 1722 1318 qui
1750 1247 1908 1302 dicit:

305 1331 368 1385 ln
422 1331 604 1387 tribus
635 1332 947 1388 delectatur
974 1333 1156 1400 homo,
1190 1340 1243 1386 et
1298 1331 1342 1386 si
1373 1331 1511 1386 bona
1542 1347 1650 1386 non
1679 1339 1823 1397 sunt,
1859 1331 1913 1384 in

312 1436 412 1476 sua
441 1436 597 1489 voce,
630 1438 735 1476 suo
767 1421 1150 1487 carmine,suo
1179 1419 1309 1474 filio.
1335 1421 1402 1476 Ut
1428 1420 1568 1474 istud
1583 1419 1650 1474 de
1682 1436 1742 1475 se
1772 1420 1912 1476 etde

309 1509 571 1582 magistro
600 1518 946 1577 narraverat,
983 1509 1220 1581 digressi
1251 1517 1376 1564 sunt
1401 1509 1528 1563 inde
1557 1509 1739 1564 ambo.

381 1599 530 1653 Dixit
545 1599 769 1670 quidam
801 1598 1160 1670 philosophus
1189 1597 1303 1653 ﬁlio
1333 1614 1433 1652 suo
1460 1613 1472 1651 :
1498 1598 1748 1670 Sequere
1765 1614 1910 1654 scor-

303 1687 552 1758 pionem,
596 1687 836 1756 leonem,
888 1687 1203 1752 draconem,
1251 1687 1347 1742 sed
1405 1686 1604 1741 malam
1656 1687 1912 1742 feminam

301 1792 421 1832 non
465 1776 736 1848 sequeris.
761 1777 913 1830 Alius
941 1775 1300 1847 philosophus
1339 1792 1350 1828 :
1382 1775 1499 1830 Ora
1545 1775 1719 1830 Deum
1761 1784 1817 1830 ut
1861 1783 1912 1831 te

298 1863 509 1921 libaret
536 1864 606 1919 ab
635 1865 859 1937 ingenio
890 1880 1121 1935 nequam
1154 1863 1496 1929 feminarum,
1525 1873 1576 1919 et
1606 1873 1662 1919 tu
1693 1864 1809 1935 ipse
1841 1881 1908 1920 ne
1937 1871 1988 1930 Β

296 1954 606 2025 decipiaris
636 1954 734 2008 tibi
767 1954 1015 2024 provide.
1042 1953 1258 2009 Dietum
1300 1969 1533 2023 namque
1578 1961 1657 2008 est
1688 1954 1755 2008 de
1787 1953 1910 2025 plli-

293 2043 544 2114 losopho
576 2042 723 2114 quod
751 2041 1023 2096 transiens
1053 2042 1108 2096 in
1155 2041 1318 2097 talem
1350 2042 1526 2097 locum
1569 2059 1675 2114 quo
1706 2059 1908 2113 auceps

293 2140 429 2187 rete
459 2131 773 2187 retenderat
792 2131 984 2185 avibus
1003 2130 1358 2201 decipiendis.
1382 2131 1515 2186 vidit
1536 2131 1907 2187 mulierculam

289 2237 430 2274 cum
460 2236 528 2274 eo
559 2219 938 2274 lascivientem
969 2237 981 2282 ;
1017 2219 1103 2275 cui
1133 2219 1267 2274 dixit
1302 2233 1313 2272 :
1347 2218 1449 2287 Qui
1477 2235 1612 2276 aves
1651 2219 1908 2290 decipere

289 2308 549 2374 conaris,
583 2308 707 2363 vide
736 2324 804 2363 ne
823 2306 1032 2363 avicula
1082 2306 1254 2363 factus
1285 2307 1445 2376 bujus
1469 2307 1614 2363 visco
1646 2309 1904 2364 tenearis.

291 2397 458 2452 Dixit
486 2396 710 2469 quidam
741 2395 1040 2467 discipulus
1066 2396 1331 2468 magistro
1352 2412 1490 2451 suo:
1525 2396 1655 2467 Legi
1678 2396 1730 2450 in
1753 2397 1907 2451 libris

289 2485 762 2556 philosophorum
793 2485 992 2555 quibus
1029 2483 1354 2556 praecipiunt
1388 2493 1441 2538 ut
1471 2485 1540 2538 ub
1571 2484 1791 2557 ingenio
1822 2485 1906 2540 fe—

287 2574 474 2630 minae
503 2589 786 2645 perversae
833 2573 1102 2628 custodiat
1134 2589 1194 2628 se
1253 2574 1435 2638 homo,
1461 2581 1514 2628 et
1561 2574 1817 2628 Salomon
1851 2574 1905 2629 in

291 2657 625 2714 Proverbiis
641 2658 744 2713 hoc
764 2657 909 2712 idem
931 2657 1185 2713 admonet
1208 2658 1341 2728 (l9).
1367 2658 1473 2713 Sed
1493 2666 1546 2712 tu
1570 2658 1614 2712 si
1631 2676 1800 2730 super
1825 2659 1907 2712 in-

289 2748 477 2820 genio
498 2748 616 2815 ejus
637 2746 752 2802 sive
781 2747 848 2801 de
880 2745 1094 2813 fabulis,
1120 2746 1234 2801 sive
1265 2745 1334 2801 de
1375 2747 1678 2818 proverbiis
1701 2747 1905 2820 aliquid

289 2836 621 2892 memoriter
667 2842 841 2903 tenes,
866 2835 1061 2890 vellem
1117 2836 1427 2891 enarrando
1448 2853 1535 2892 me
1585 2837 1902 2892 instrueres.

292 2925 546 2990 Faciam,
583 2923 782 2994 inquit,
803 2923 874 2978 tui
907 2939 1067 2978 causa
1097 2924 1347 2992 libenter,
1382 2925 1478 2980 sed
1534 2943 1724 2982 vereor
1761 2943 1827 2982 ne
1859 2927 1905 2981 si

290 3015 393 3086 qui
425 3020 623 3068 nostra
652 3011 889 3083 simplici
920 3013 1103 3066 animo
1134 3012 1379 3084 legentes
1409 3015 1653 3069 carmina
1685 3031 1804 3086 quae
1835 3017 1904 3072 de

289 3102 596 3157 mulierum
644 3101 848 3155 artibus
879 3100 948 3154 ad
1005 3117 1194 3155 earum
1226 3103 1622 3157 correctionem
1675 3112 1727 3158 et
1759 3113 1902 3158 tuam

295 3200 353 3247 et
394 3190 635 3246 aliorum
670 3189 1082 3244 instructionem
1128 3189 1440 3256 scribimus,
1477 3191 1710 3248 viderint
1747 3194 1901 3250 vide-
1935 3220 1984 3282 Ο

290 3281 433 3336 licet
461 3278 742 3351 quomodo
772 3278 1368 3342 earum,nescientibus
1399 3280 1547 3347 viris,
1581 3298 1710 3337 suos
1739 3283 1902 3339 advo-

290 3375 429 3424 cent
455 3366 717 3436 amasios,
752 3374 806 3423 et
860 3367 1286 3438 complectentes
1316 3368 1700 3425 deosculentur
1727 3371 1899 3427 advo-

291 3466 481 3522 catos,
514 3464 571 3511 et
621 3473 744 3528 quae
792 3454 1008 3510 illarum
1037 3457 1243 3527 expetit
1288 3456 1514 3513 lascivia
1542 3457 1597 3513 in
1645 3458 1778 3530 ipsis
1808 3476 1900 3514 ex-

288 3546 492 3616 pleant
519 3560 706 3599 earum
735 3543 1034 3614 nequitiam
1068 3544 1125 3599 in
1171 3561 1272 3600 nos
1307 3546 1610 3604 redundare
1639 3549 1890 3604 credant.

293 3633 620 3704 Discipulus
653 3651 665 3686 :
698 3632 780 3687 Ne
812 3631 1002 3688 timeas
1029 3633 1153 3701 hoc,
1189 3633 1470 3706 magister,
1494 3636 1619 3707 quia
1643 3637 1900 3694 Salomon

291 3721 352 3776 in
384 3722 529 3777 libro
548 3720 975 3777 Proverbiorum
992 3722 1128 3792 (i0),
1151 3732 1204 3777 et
1219 3723 1371 3777 multi
1391 3725 1667 3794 sapientes
1696 3742 1899 3796 pravos

291 3826 490 3867 earum
518 3809 850 3882 corrigendo
877 3825 1060 3865 mores
1107 3809 1234 3866 talia
1260 3812 1619 3883 scripserunt,
1645 3830 1748 3870 nec
1776 3815 1898 3870 cul-

289 3915 429 3971 pam
459 3899 559 3954 sed
585 3898 804 3954 laudem
825 3897 952 3954 inde
977 3909 1422 3969 promeruerunt.
1454 3901 1532 3956 Tu
1556 3902 1809 3958 similiter
1829 3903 1900 3959 de

289 3985 410 4040 illis
457 3985 728 4052 scribens,
763 3991 963 4057 rogata
1017 3986 1135 4041 sine
1166 3987 1508 4044 cunctatione
1561 3988 1894 4046 demonstra.

291 4074 454 4131 Tunc
485 4074 750 4146 magister
781 4091 794 4127 :

890 4222 1161 4279 FABULA
1203 4225 1315 4280 νη.

370 4367 617 4425 Perrexit
645 4367 869 4439 quidam
902 4370 1253 4427 vendemiare
1293 4373 1505 4429 vineam
1541 4389 1552 4428 :
1585 4376 1731 4448 quod
1763 4393 1900 4434 uxor

295 4457 450 4512 illius
497 4457 712 4523 videns,
743 4456 1004 4512 intellexit
1058 4457 1212 4514 illum
1262 4461 1407 4518 circa
1442 4463 1656 4519 vineam
1698 4467 1899 4523 diutius

297 4553 662 4638 moraturum,
696 4553 750 4600 et
776 4545 949 4600 misso
977 4548 1176 4603 nuncio
1204 4559 1468 4606 convocat
1495 4553 1746 4622 amicum,
1769 4573 1897 4613 con-
1928 4578 1982 4638 Ι)

299 4634 621 4704 viviumque
651 4640 828 4704 parat.
869 4635 1074 4690 Accidit
1102 4645 1282 4693 autem
1340 4647 1395 4693 ut
1441 4640 1694 4697 dominus
1747 4661 1899 4703 ramo

301 4721 483 4777 vineae
511 4725 569 4775 in
596 4721 756 4778 oculo
787 4737 1079 4791 percussus
1109 4723 1334 4781 domum
1375 4727 1484 4783 cito
1513 4730 1732 4798 rediret,
1767 4733 1900 4790 nihil

304 4806 377 4861 de
422 4806 591 4862 oculo
628 4821 891 4876 percusso
932 4807 1143 4875 videns,
1177 4811 1513 4884 veniensque
1561 4817 1632 4870 ad
1684 4827 1900 4887 portam

307 4894 506 4949 domus
535 4911 651 4948 sua:
693 4895 895 4949 ostium
938 4895 1190 4966 pulsavit.
1225 4897 1382 4967 Quod
1415 4917 1551 4957 uxor
1590 4903 1901 4978 intelligens

303 4983 533 5038 nimium
562 4983 881 5054 perturbata
935 4994 1292 5042 convocatum
1322 4989 1556 5046 amicum
1613 4993 1902 5051 abscondit

304 5087 580 5139 seorsum,
604 5071 828 5127 domino
875 5089 974 5129 suo
1004 5081 1198 5144 postea
1224 5078 1442 5146 aperire
1471 5081 1658 5149 currit,
1689 5083 1781 5155 qui
1813 5084 1900 5138 in-

304 5169 458 5216 trans
486 5169 541 5216 et
587 5161 836 5233 graviter
880 5177 982 5232 pro
1011 5163 1169 5220 oculo
1226 5166 1395 5222 tristis
1424 5176 1477 5223 et
1523 5169 1715 5226 dolens
1740 5173 1904 5241 jussit

306 5265 578 5306 cameram
633 5248 819 5319 parari
847 5257 902 5305 et
956 5250 1155 5307 lectum
1210 5255 1397 5322 sterni,
1431 5256 1524 5311 ubi
1579 5259 1655 5313 ibi
1711 5269 1901 5331 posset

308 5339 616 5411 quiescere.
640 5337 841 5392 Timuit
871 5354 1010 5394 uxor
1037 5354 1106 5396 ne
1125 5341 1332 5398 intrans
1352 5360 1630 5402 cameram
1659 5350 1896 5405 amicum

303 5427 616 5484 latitantem
645 5425 881 5493 videret,
914 5426 1046 5483 dixit
1085 5429 1136 5485 ei
1169 5445 1181 5484 :
1214 5430 1364 5500 Quid
1395 5441 1599 5490 tantum
1631 5453 1897 5509 properas

299 5518 605 5573 adlectum
637 5519 660 5571 ?
690 5514 791 5571 Dic
836 5515 969 5571 mihi
1009 5518 1138 5586 quid
1181 5521 1276 5575 tibi
1305 5522 1373 5576 sit
1416 5524 1593 5595 prius.
1617 5526 1898 5584 Narravit-

297 5621 402 5680 que
432 5611 490 5663 ei
520 5612 699 5662 totum
728 5612 791 5659 ut
820 5605 1114 5663 acciderat.
1140 5609 1420 5678 Permitte,
1453 5611 1628 5684 inquit
1656 5615 1765 5684 illa,
1797 5617 1898 5672 ka-

362 5754 481 5823 (19)
515 5751 655 5821 Cap.
689 5765 742 5816 v,
775 5763 922 5806 vers.
965 5755 1015 5806 8.
1059 5763 1211 5813 nni:
1241 5765 1369 5820 una
1391 5739 1468 5816 ἢκ
1499 5767 1648 5820 man
1678 5743 1757 5821 SN

629 5928 891 5990 PATROL.
925 5930 1138 5992 CLVII
1154 5977 1166 5992 .

2022 893 2133 942 tam
2159 887 2250 942 diu
2280 887 2413 941 fovit
2442 902 2725 957 quousque
2757 901 2791 938 a
2821 884 2941 940 loco
2989 884 3079 938 ubi
3108 892 3226 939 erat
3254 883 3613 938 absconditus

2022 977 2256 1042 amicus,
2306 975 2425 1030 viro
2474 974 2770 1039 nesciente,
2827 973 3095 1028 discessit.
3149 971 3502 1044 Tandemque
3559 987 3624 1026 se

2023 1064 2246 1136 erigens
2280 1079 2293 1117 :
2329 1063 2508 1125 Modo,
2542 1061 2730 1131 inquit,
2777 1061 3066 1115 karissimc
3122 1060 3222 1126 vir,
3257 1061 3333 1114 sis
3388 1074 3619 1114 securus

2020 1167 2089 1206 ne
2118 1151 2365 1205 similiter
2391 1150 2461 1205 de
2492 1151 2594 1205 hoc
2642 1150 2797 1204 oculo
2827 1149 3043 1204 eveniat
3088 1149 3320 1219 qualiter
3349 1149 3418 1204 de
3446 1149 3618 1203 altero

2021 1240 2223 1296 evenit.
2245 1241 2365 1294 Jam
2397 1238 2442 1292 si
2473 1238 2671 1308 placet,
2703 1246 2858 1308 potes
2885 1237 2956 1292 ad
2987 1237 3181 1292 lectum
3213 1235 3574 1291 descendere.

2090 1329 2242 1383 Tunc
2261 1327 2560 1395 discipulus
2579 1326 2651 1380 ait
2674 1325 2937 1395 magistro
2963 1343 2975 1377 :
3003 1326 3146 1380 Bene
3170 1340 3258 1379 me
3293 1323 3612 1388 instruxisti,

2021 1425 2073 1472 et
2103 1416 2247 1487 quod
2277 1416 2344 1470 de
2362 1416 2570 1469 illarum
2599 1414 2808 1468 artibus
2824 1413 3051 1468 retulisti
3075 1411 3408 1467 desideranti
3430 1411 3614 1467 animo

2019 1503 2450 1568 commendatur,
2484 1519 2583 1558 nec
2613 1502 2760 1574 quod
2791 1502 2926 1556 inde
2957 1501 3071 1556 scio
3101 1514 3203 1572 pro
3231 1499 3432 1554 divitiis
3464 1502 3613 1554 Ara-

2023 1595 2147 1649 bum
2205 1599 2542 1649 commutare
2597 1591 2742 1655 volo,
2775 1599 2829 1646 et
2878 1590 2925 1644 si
2945 1589 3144 1660 placet,
3175 1587 3526 1659 progredere,
3561 1596 3616 1642 et

2021 1677 2165 1750 quod
2196 1676 2491 1731 transferre
2533 1675 2588 1729 in
2635 1675 2800 1729 altum
2848 1673 3081 1744 publicae
3110 1670 3615 1726 amministrationis

2018 1766 2323 1822 futurorum
2353 1764 2626 1821 valeamus
2655 1763 2920 1819 edissere.
2960 1761 3197 1827 Faciam,
3234 1759 3426 1830 inquit.

2585 1877 2847 1933 FABULA
2896 1875 3041 1930 Vlll.

2091 1993 2300 2050 Dictum
2332 2002 2414 2048 est
2447 1992 2514 2048 de
2541 1991 2771 2063 quodam
2824 1990 2914 2062 qui
2965 2006 3201 2062 peregre
3255 1987 3607 2060 proficiscens

2017 2082 2286 2138 commisit
2313 2099 2534 2137 uxorem
2556 2079 2709 2135 suam
2743 2096 2855 2134 suae
2897 2079 3093 2134 socrui.
3120 2077 3266 2134 Uxor
3293 2085 3476 2134 autem
3515 2094 3610 2132 sua

2019 2173 2184 2226 alium
2223 2170 2510 2242 quemdam
2567 2169 2856 2232 adamavit,
2889 2176 2942 2222 et
2969 2168 3129 2222 matri
3191 2167 3296 2223 hoc
3324 2165 3606 2234 indicavit,

2018 2285 2138 2338 qua)
2187 2276 2458 2324 commota
2495 2283 2591 2337 pro
2630 2264 2740 2319 lilia
2788 2263 2919 2319 favit
2956 2262 3148 2329 amori,
3194 2271 3247 2318 et
3293 2277 3610 2319 convocans

2022 2365 2277 2421 eumdem
2307 2365 2469 2434 cmpit
2498 2379 2618 2419 cum
2649 2361 2742 2418 illo
2771 2369 2825 2416 et
2849 2361 2958 2416 tilia
2989 2359 3218 2431 epulari.
3253 2358 3612 2431 Epulanlibus

2017 2454 2123 2508 illis
2153 2453 2474 2524 supervenit
2502 2451 2730 2506 maritus
2763 2458 2816 2505 et
2865 2450 3062 2505 ostium
3093 2448 3344 2520 pulsavit.
3379 2447 3446 2503 Et
3475 2464 3613 2505 con-

2015 2558 2252 2612 surgens
2283 2541 2476 2595 mulier
2506 2555 2732 2609 procum
2787 2537 3077 2593 abscondit
3118 2545 3172 2592 et
3199 2536 3397 2592 ostium
3426 2544 3616 2608 postea

2015 2630 2242 2686 domino
2297 2629 2534 2700 aperuit,
2566 2628 2683 2699 qui,
2707 2635 2997 2698 postquam
3046 2625 3286 2691 intravit,
3332 2632 3389 2679 ut
3445 2623 3616 2680 lectus

2019 2719 2125 2773 sibi
2182 2725 2468 2788 pararetur
2524 2714 2798 2786 praecepit,
2827 2730 2951 2768 nam
3013 2713 3296 2785 quiescere
3325 2710 3540 2767 volebat
3568 2718 3622 2765 et

2017 2805 2192 2861 lassus
2243 2814 2384 2861 erat.
2421 2804 2653 2858 Turbata
2696 2803 2890 2857 mulier
2932 2801 3197 2856 dubitavit
3226 2800 3354 2872 quid
3385 2799 3614 2855 faceret.

2013 2894 2171 2962 Quod
2199 2893 2392 2948 videns
2422 2900 2632 2947 mater:
2665 2893 2746 2946 Ne
2777 2891 3019 2956 festines,
3039 2889 3230 2959 inquit,
3253 2888 3384 2955 ﬁlia,
3410 2887 3610 2944 lectum

2012 2999 2211 3054 parare
2228 2982 2411 3037 donec
2443 2988 2814 3035 monstremus
2839 2979 3099 3034 lintlicutn
3147 2978 3338 3032 marito
3360 2985 3451 3031 tuo
3471 2975 3618 3047 quod

2014 3071 2264 3127 fecimus.
2311 3071 2380 3124 Et
2428 3069 2720 3124 extrahens
2779 3068 3045 3123 lintheum
3103 3065 3304 3133 vetula,
3341 3073 3604 3136 quantum

2013 3159 2189 3228 potuit
2236 3175 2397 3214 unum
2449 3172 2618 3212 cornu
2676 3155 2820 3211 illius
2857 3155 3086 3222 sustulit,
3123 3161 3177 3209 et
3216 3154 3442 3208 alterum
3493 3151 3617 3206 lilia:

2014 3255 2409 3313 sublevandum
2458 3252 2627 3319 dedit,
2660 3252 2843 3323 sicque
2873 3251 3080 3306 lintheo
3121 3257 3348 3305 extenso
3393 3248 3616 3303 delusus

2010 3355 2092 3402 est
2118 3343 2344 3400 maritus
2374 3358 2660 3414 quousque
2704 3341 2795 3412 qui
2827 3339 3064 3396 latuerat
3085 3338 3438 3410 egrederetur
3467 3335 3610 3390 ami-

2007 3457 2125 3498 cus.
2143 3442 2294 3496 Tunc
2321 3439 2395 3495 ait
2424 3439 2548 3493 lilia:
2577 3455 2691 3494 sum
2715 3456 2727 3491 :
2755 3437 3006 3493 Extende
3040 3437 3301 3490 linthenm
3325 3449 3493 3504 super
3525 3433 3610 3488 le-

2007 3547 2149 3595 ctum
2172 3537 2350 3594 mariti
2377 3536 2480 3602 tui,
2505 3535 2632 3608 quia
2663 3535 2916 3591 manibus
2959 3534 3066 3590 tuis
3095 3541 3148 3590 et
3182 3532 3321 3588 meis
3350 3539 3434 3588 est
3461 3547 3611 3588 com-

2007 3627 2243 3693 positum
2272 3635 2325 3683 et
2354 3632 2687 3683 contextum.
2721 3623 2818 3679 Cui
2869 3623 3092 3680 maritus
3118 3640 3132 3676 :
3155 3622 3228 3676 Et
3257 3629 3332 3686 tu,
3363 3619 3605 3687 domina,

2007 3716 2115 3770 scis
2139 3715 2244 3770 tale
2272 3715 2535 3770 lintheum
2555 3727 2873 3785 praeparare
2902 3714 2930 3766 εἰ
2958 3711 3028 3766 Ει
3067 3710 3162 3765 illa
3191 3727 3204 3763 :
3231 3709 3277 3764 Ο
3307 3708 3404 3777 tili,
3437 3707 3611 3763 multa

2008 3797 2322 3869 hujusmodi
2352 3797 2680 3869 praeparavi.

2078 3885 2158 3939 Ad
2179 3884 2298 3939 haec
2325 3881 2621 3954 discipulus
2646 3899 2659 3938 :
2689 3879 2938 3936 Mirabile
2967 3878 3098 3952 quid
3127 3877 3330 3943 audivi,
3357 3877 3453 3933 sed
3484 3877 3604 3932 vel-

2007 3972 2114 4029 lem
2145 3971 2378 4042 amplius
2408 3987 2493 4025 me
2542 3969 2854 4034 instrueres,
2888 3967 3016 4039 quia
3054 3974 3256 4038 quanto
3286 3965 3414 4036 plus
3445 3965 3606 4036 inge-

2009 4061 2162 4116 nium
2193 4060 2406 4115 illarum
2425 4059 2665 4124 attendo,
2691 4065 2838 4113 tanto
2860 4056 3038 4130 magis
3067 4055 3136 4110 ad
3169 4055 3276 4109 mci
3304 4053 3605 4108 custodiam

2005 4164 2260 4206 exacuor.
2293 4147 2592 4219 Respondit
2623 4145 2881 4217 magister
2916 4160 2927 4198 :
2963 4144 3156 4199 Adhuc
3187 4143 3285 4196 tibi
3315 4141 3517 4206 dicam,
3550 4149 3605 4196 et

2005 4238 2086 4294 sic
2113 4238 2208 4292 tibi
2237 4239 2305 4291 ad
2335 4235 2748 4291 instructionem
2775 4234 3032 4305 exempla
3087 4239 3278 4287 nostra
3314 4229 3598 4286 sufﬁcient.

2007 4325 2317 4396 Discipulus
2351 4343 2363 4378 :
2396 4325 2465 4381 Ut
2493 4324 2688 4396 placet.

2610 4439 2877 4495 FABULA
2902 4438 2998 4492 ΙΧ.

2081 4539 2326 4596 Relatum
2359 4545 2460 4600 est,
2494 4537 2666 4610 inquit
2703 4534 2918 4602 iterum,
2953 4533 3098 4606 quod
3158 4531 3374 4604 quidam
3433 4529 3604 4604 prolis

2008 4637 2221 4694 ciscens
2246 4635 2516 4693 commisit
2541 4636 2828 4707 conjugem
2860 4647 3013 4688 suam
3041 4632 3223 4688 socrui
3255 4647 3370 4686 suae
3391 4647 3610 4686 servam

2011 4726 2156 4781 dam.
2183 4725 2329 4782 Uxor
2356 4733 2536 4780 autem
2571 4722 2865 4778 introduxit
2903 4729 3139 4776 amatum
3166 4719 3445 4790 juvenem.
3471 4718 3609 4785 Qni-

2011 4816 2114 4870 bus
2144 4814 2493 4886 epulantibus
2523 4813 2773 4869 dominus
2825 4810 3049 4866 veniens
3093 4809 3311 4878 januam
3353 4805 3606 4876 pulsavit.

2011 4903 2262 4959 Surrexit
2283 4904 2468 4976 itaque
2487 4918 2621 4958 uxor
2642 4909 2697 4957 et
2715 4899 2917 4955 dimisit
2954 4896 3215 4952 maritum
3238 4896 3444 4950 intrare
3469 4909 3482 4961 ;
3511 4893 3610 4948 sed

2011 5007 2184 5056 mater
2230 5016 2352 5056 cum
2403 4999 2610 5056 amasio
2661 4997 2784 5054 tiliae
2812 5007 3120 5059 remanens,
3155 4991 3282 5064 quia
3332 4991 3490 5047 locus
3519 4989 3612 5044 ubi

2010 5088 2443 5144 absconderetur
2471 5104 2578 5144 non
2609 5095 2746 5156 erat,
2764 5086 2892 5157 quid
2913 5085 3115 5140 faceret
3145 5082 3296 5154 prius
3326 5078 3612 5158 dubitavit.

2012 5183 2120 5240 Sed
2161 5184 2291 5238 dum
2346 5183 2450 5238 tilia
2483 5200 2582 5239 suo
2629 5183 2869 5255 aperiret
2899 5178 3094 5237 ostium
3138 5177 3353 5246 marito,
3386 5175 3613 5245 arripuit

2010 5271 2190 5328 vetula
2217 5271 2421 5326 nudum
2443 5271 2686 5343 gladium
2717 5279 2769 5328 et
2799 5269 3072 5327 commisit
3090 5265 3315 5332 amasio,
3343 5263 3617 5333 iussitque

2011 5367 2071 5417 ut
2111 5367 2234 5415 ante
2281 5361 2479 5416 ostium
2517 5360 2572 5414 in
2614 5360 2833 5416 introitu
2881 5356 3064 5413 mariti
3113 5355 3234 5410 tiliae
3277 5369 3388 5409 suae
3429 5351 3617 5407 stricto

2011 5448 2196 5522 gladio
2237 5457 2418 5516 staret,
2451 5457 2507 5504 et
2536 5448 2582 5503 si
2614 5447 2821 5520 aliquid
2855 5447 2906 5503 ei
2941 5447 3228 5502 meriturus
3283 5442 3614 5520 loqueretur,

2011 5537 2144 5593 nihil
2173 5536 2560 5607 responderet.
2598 5536 2749 5591 Fecit
2775 5543 2832 5590 ut
2868 5537 3125 5605 jusserat,
3158 5540 3211 5587 et
3239 5538 3432 5603 aperto
3451 5529 3616 5594 ostio,

2013 5635 2070 5682 ut
2098 5626 2248 5682 illum
2285 5625 2514 5680 maritus
2557 5623 2637 5680 sic
2686 5628 2829 5678 stare
2876 5623 3017 5678 vidit
3065 5621 3324 5678 substitit.
3349 5617 3502 5689 Quis,
3536 5617 3619 5673 in-

2110 5770 2200 5839 20)
2235 5768 2300 5824 V.
2323 5771 2378 5837 2,
2402 5773 2453 5836 3,
2475 5770 2525 5838 4,
2552 5771 2606 5836 5,
2631 5769 2682 5835 6,
2711 5773 2763 5822 et
2789 5763 2922 5822 alibi
2951 5764 3178 5838 passim.

3019 5939 3095 6004 22
