3966 6394
449 366 555 425 683

1341 356 1545 416 PETRI
1588 355 1940 415 ALPHONSI
1983 357 2079 413 EX
2118 354 2364 412 ΝΠ)Εο
2404 351 2831 411 ClIRlSTIANl.

3642 363 3763 416 683

445 493 579 566 quit,
622 498 682 547 tu
727 500 789 547 es
829 488 857 543 τ
894 486 1018 558 Quo
1063 500 1173 544 non
1219 483 1591 558 respondente
1632 498 1756 540 cum
1805 482 2044 555 primum
2070 480 2127 543 Α
2153 488 2209 537 et
2234 481 2330 553 qui
2359 480 2444 539 sui
2481 479 2737 551 corporis
2769 478 2959 541 doiere
2998 482 3510 553 tuumnNaque
3555 498 3768 556 regem

441 580 828 653 obstupuisset,
862 586 990 633 tunc
1017 576 1199 649 magis
1242 573 1510 630 extimuit.
1547 571 1849 643 Respondit
1893 571 2039 626 intus

446 668 629 726 vetula
661 685 675 724 :
705 670 847 724 Care
891 678 1088 738 gener,
1121 672 1262 730 tace,
1304 676 1373 718 ne
1401 661 1601 732 aliquis
1628 670 1681 717 te
1714 660 1921 717 audiat.
1956 658 2040 715 Ad

439 755 560 811 ιω
602 752 695 808 ille
721 750 898 823 magis
934 750 1136 804 mirans
1166 764 1182 804 :
1208 746 1355 817 Quid
1395 746 1503 803 hoc
1532 753 1640 810 est,
1678 743 1875 815 inquit,
1905 758 2041 801 cara

438 840 705 900 domina?
729 839 884 897 Tunc
906 837 1107 894 mulier
1123 837 1152 891 τ
1191 838 1344 892 Bone
1370 834 1468 902 ﬁli,
1498 841 1760 891 venerant
1788 834 1897 891 huc
1925 840 2041 890 tres

437 936 833 1004 persequentes
878 926 1143 995 istum,et
1182 940 1284 982 nos
1328 932 1520 997 aperto
1547 924 1690 979 ostio
1732 924 1879 979 hunc
1908 936 2035 979 cum

436 1032 538 1077 suo
582 1018 772 1092 gladio
812 1017 1012 1072 intrare
1056 1014 1407 1087 permisimus
1459 1014 1639 1070 donec
1686 1011 2041 1069 discederent

437 1109 530 1183 qui
556 1106 709 1163 illum
761 1104 1070 1163 interﬁcere
1127 1102 1413 1169 volebant,
1444 1101 1539 1174 qui
1592 1108 1727 1158 tunc
1753 1100 1953 1155 timens
1984 1107 2037 1155 te

435 1197 671 1268 aliquem
692 1208 760 1251 ex
781 1193 892 1250 illis
914 1190 1416 1263 esse,stnpefactns
1444 1188 1579 1246 nihil
1600 1188 1700 1245 tibi
1730 1187 2033 1260 respondit.

433 1287 494 1342 Et
527 1285 639 1342 ait:
684 1285 828 1340 Bene
856 1282 1082 1348 habeas,
1115 1279 1358 1344 domina,
1384 1294 1505 1351 qut
1534 1279 1642 1336 hoc
1691 1278 1859 1334 modo
1884 1276 2036 1333 hunc

432 1373 674 1431 liberasti
695 1384 727 1427 a
757 1378 929 1429 morte
962 1384 977 1440 ;
1027 1383 1082 1426 et
1116 1368 1391 1424 intr-ciens
1428 1365 1721 1424 advocavit
1761 1365 2035 1421 amasium

433 1458 617 1521 uxoris
644 1476 763 1517 sure
789 1468 847 1516 et
886 1472 1074 1515 sucum
1108 1455 1306 1513 sedere
1351 1454 1503 1522 fecit,
1533 1456 1725 1526 sicque
1780 1454 2035 1511 dulcibus

427 1550 681 1622 alloquiis
695 1547 980 1605 deﬁnitum
998 1546 1152 1605 eirea
1178 1553 1398 1603 noctem
1426 1544 1584 1601 exire
1608 1542 1844 1600 dimisit.

498 1637 813 1711 Discipulos
846 1652 861 1692 :
894 1632 1145 1692 Rimnda
1171 1634 1378 1703 dixisti,
1406 1633 1505 1690 sed
1534 1647 1680 1691 nunc
1707 1631 1888 1706 magis
1914 1630 2036 1687 illeo

428 1745 551 1786 rum
589 1734 1079 1800 praesurnptuosam
1125 1724 1294 1779 miror
1332 1722 1638 1780 audaciam.
1673 1721 1813 1778 Volo
1851 1729 2037 1777 tamen

425 1825 486 1873 ut
514 1816 693 1872 adhuc
713 1814 844 1871 mihi
865 1813 935 1870 de
954 1828 1143 1871 earnm
1158 1810 1423 1904 ingeniis,
1445 1811 1616 1904 sinon
1636 1809 1804 1865 fuerit
1829 1824 2027 1904 grave,
2060 1837 2114 1904 Β

424 1905 597 1965 dicas.
628 1904 905 1975 Quantum
934 1902 1079 1959 enim
1110 1900 1287 1975 magis
1316 1898 1549 1967 dixeris,
1582 1906 1789 1955 tantum
1816 1896 2033 1966 majora

426 1990 746 2052 mereberis.
776 1990 861 2048 Ad
890 1988 1035 2064 quod
1063 1988 1331 2062 magister
1360 2005 1373 2043 :
1398 1987 1595 2043 Nonne
1626 1984 1725 2041 tibi
1757 1983 2032 2042 sufﬁciunt

425 2082 532 2139 ista
556 2084 585 2137 Ὺ
615 2078 736 2138 Tria
766 2078 867 2136 tibi
912 2077 1157 2145 narravi,
1186 2079 1240 2133 et
1270 2085 1324 2132 tu
1361 2075 1609 2133 nondum
1637 2073 1846 2131 desinis
1870 2073 2031 2129 insti-

426 2166 604 2244 gare?
635 2162 949 2242 Discipulus
974 2183 987 2222 :
1019 2166 1150 2223 Tria
1183 2164 1417 2223 dicendo
1450 2163 1679 2220 nimium
1708 2176 1879 2235 auges
1901 2160 2032 2218 reci-

424 2258 593 2318 tando
630 2273 938 2327 numerum,
967 2256 1014 2313 si
1037 2260 1215 2328 pauea
1233 2262 1535 2311 sonuerunt
1556 2252 1745 2311 verba.
1774 2251 1869 2308 Dic
1893 2265 2030 2323 ergo

425 2364 598 2405 unum
627 2344 776 2422 quod
804 2345 975 2420 longa
1003 2344 1340 2403 verbositate
1393 2356 1550 2399 meas
1579 2340 1796 2413 repleat
1842 2352 2026 2407 aures,

421 2447 476 2494 et
502 2437 581 2493 εἰσ
610 2435 741 2491 mihi
797 2431 1051 2490 suﬁiciet.
1085 2431 1348 2505 Magis-ter
1379 2446 1394 2487 :
1423 2431 1572 2487 Cave
1617 2444 1690 2485 ne
1746 2428 2031 2501 contingat

424 2527 568 2582 inter
588 2541 691 2581 nos
732 2523 875 2595 quod
906 2520 1047 2577 inter
1078 2535 1271 2593 regem
1304 2524 1361 2575 et
1389 2534 1549 2575 suum
1576 2517 1776 2576 accidit
1813 2517 2027 2572 fabula-

425 2624 621 2671 torem.
654 2610 965 2681 Discipulus
995 2627 1010 2665 :
1044 2605 1206 2679 Quid,
1239 2620 1368 2666 care
1408 2607 1686 2681 magister,
1744 2606 1873 2677 quid
1903 2612 2031 2661 tan-

432 2701 558 2759 dem
588 2699 785 2758 accidit
813 2699 842 2755 τ

1048 2905 1317 2964 FABULA
1355 2905 1408 2961 X

496 3052 608 3123 Rex
635 3056 851 3137 quidam
883 3062 1039 3117 suum
1069 3056 1258 3115 habuit
1278 3056 1643 3115 fabulatorem
1674 3054 1765 3127 qui
1794 3053 2030 3130 singulis

425 3150 678 3212 noctibus
709 3150 951 3222 quinque
998 3142 1103 3204 sibi
1133 3158 1361 3203 narrare
1392 3143 1605 3202 fabulas
1636 3150 2028 3201 consueverat.

426 3240 670 3315 Contigit
700 3236 917 3297 tandem
948 3235 1096 3309 quod
1124 3251 1221 3292 rex
1243 3233 1393 3293 curis
1414 3233 1745 3308 quibusdam
1767 3232 2032 3290 sollicitus

418 3331 642 3388 minime
684 3336 869 3402 pesset
914 3324 1178 3393 dormire,
1228 3322 1526 3396 pluresque
1574 3322 1736 3379 solito
1782 3320 2037 3392 quaesivit

422 3420 613 3477 audire
642 3415 874 3475 tabulas.
923 3414 1022 3472 Ille
1066 3421 1248 3471 autem
1285 3418 1402 3469 tres
1442 3422 1611 3484 super
1651 3411 1759 3467 hoc
1796 3411 2038 3466 narravit

423 3508 655 3572 fabulas,
688 3505 784 3563 sed
818 3508 1039 3577 parvas.
1072 3501 1340 3571 Quasivit
1366 3516 1466 3557 rex
1495 3500 1707 3571 plures.
1742 3498 1839 3555 [lle
1868 3514 2031 3555 vero

421 3597 734 3654 nultatenus
770 3588 962 3656 voluit.
990 3591 1209 3648 dixerat
1254 3589 1424 3656 enim,
1460 3588 1603 3647 sicut
1647 3588 1841 3644 visam
1859 3587 2037 3644 fuerat

424 3685 549 3754 sibi,
580 3684 800 3741 multas.
848 3682 938 3738 Ad
964 3678 1089 3737 haec
1118 3690 1249 3737 rex:
1280 3678 1556 3734 Plurimae
1603 3678 1717 3746 jam
1780 3677 2034 3744 narrasti,

425 3776 526 3832 sed
554 3772 906 3829 brevissimas
929 3788 943 3825 :
978 3768 1174 3826 vellem
1192 3777 1244 3823 te
1261 3766 1498 3838 aliquam
1524 3781 1642 3823 rem
1661 3780 1895 3823 narrare
1912 3781 2039 3835 qum

424 3861 609 3920 multis
655 3859 990 3933 producatur
1020 3856 1219 3924 verbis,
1250 3863 1307 3913 et
1335 3852 1418 3913 sic
1445 3863 1500 3912 te
1529 3850 1776 3912 donnire
1802 3853 2035 3926 permit-

425 3960 555 4008 tam.
587 3949 873 4008 Concessit
903 3946 1173 4005 fabulator
1201 3951 1258 4002 et
1282 3945 1364 4001 sic
1388 3943 1620 4016 incipit:

496 4038 622 4098 Erat
654 4039 873 4109 quidam
904 4035 1137 4093 metiens
1166 4034 1260 4105 qui
1287 4033 1439 4090 mille
1458 4033 1665 4090 solidos
1696 4032 1904 4089 habuit.
1930 4031 2041 4088 Hic

427 4137 611 4187 autem
640 4125 992 4202 proﬁciscens
1039 4123 1379 4195 comparavit
1406 4121 1498 4178 bis
1541 4121 1693 4180 mille
1730 4130 1884 4191 Oves,
1918 4121 2043 4176 sin-

428 4218 591 4294 gulas
620 4230 724 4273 sex
751 4212 1021 4272 denariis.
1044 4212 1254 4271 Accidit
1280 4220 1350 4269 eo
1372 4210 1641 4268 redeunte
1669 4210 1817 4281 quod
1837 4210 2043 4284 magna

429 4305 709 4365 inundatio
738 4317 1003 4374 aquarum
1020 4307 1421 4369 succresceret,
1454 4300 1548 4373 qui
1574 4315 1698 4357 cum
1733 4296 1914 4370 natiue
1936 4308 2041 4371 per

429 4399 674 4464 pontem,
705 4402 886 4460 neque
914 4401 1012 4459 per
1041 4384 1263 4443 vadium
1284 4384 1521 4442 tussire
1542 4392 1750 4457 posset,
1771 4382 1910 4439 abiit
1929 4381 2044 4439 sol—

430 4479 613 4538 licitas
640 4491 893 4548 quarens
938 4489 1178 4550 quocum
1214 4473 1412 4531 ovibus
1438 4472 1553 4530 suis
1597 4472 1878 4530 transvebi
1908 4487 2043 4543 pos-

432 4585 541 4637 set.
566 4575 780 4633 invenit
806 4572 1030 4633 tandem
1058 4571 1316 4645 exiguam
1337 4570 1665 4638 naviculam,
1699 4577 1755 4628 et
1784 4567 2037 4626 necessi-
2070 4562 2126 4628 D

434 4674 546 4725 tate
584 4672 808 4724 coactus
841 4663 981 4720 duas
1024 4676 1161 4720 oves
1206 4660 1499 4736 imponens
1540 4675 1739 4732 aquam
1790 4656 2032 4715 transiit.

434 4769 532 4825 His
556 4765 720 4826 dictis
747 4761 1021 4822 fabulator
1047 4758 1398 4819 obdormivit.
1432 4758 1545 4816 Rex
1576 4756 1851 4829 siquidem
1885 4755 2039 4813 illum

431 4856 674 4916 excitans
702 4860 761 4912 ut
788 4850 1037 4911 fabulam
1063 4865 1225 4921 quam
1253 4848 1537 4921 inceperat
1564 4845 1766 4914 ﬁniret,
1788 4860 2039 4904 commo-

430 4946 568 5007 nuit.
614 4942 901 5003 Fabulator
944 4938 1017 4997 ad
1080 4939 1223 4995 hoc:
1284 4936 1501 4995 Fluctus
1540 4934 1632 4994 ille
1652 4951 1886 5009 magnus
1933 4943 2039 5004 est,

431 5042 693 5102 navicula
726 5042 911 5099 autem
939 5035 1187 5103 minima,
1218 5042 1275 5092 et
1321 5050 1454 5107 grex
1490 5031 1674 5092 ovium
1716 5032 2037 5091 innumera-

431 5129 578 5198 bilia,
632 5125 884 5201 permitte
937 5136 1073 5198 ergo
1142 5117 1517 5193 supradictum
1586 5117 1851 5175 rusticum
1909 5133 2040 5175 suas

434 5224 732 5284 transferre
758 5236 913 5290 oves,
944 5226 1002 5278 et
1043 5233 1206 5290 quam
1263 5215 1445 5289 incepi
1475 5213 1715 5272 fabulam
1774 5214 1846 5271 ad
1875 5213 2039 5271 ﬁnem

577 5327 767 5371 ccam.

823 5395 1025 5457 etenim
1051 5393 1161 5453 hoc
1200 5393 1367 5451 modo
1394 5408 1587 5467 regem
1618 5387 1818 5467 longas
1846 5390 2040 5450 audire

433 5470 647 5549 fabulas
684 5486 1011 5563 gestientem
1057 5481 1390 5557 paciticavit.
1424 5482 1587 5561 Quod
1614 5482 1661 5539 si
1689 5479 1926 5554 amplius
1953 5498 2041 5538 me

436 5576 721 5651 praedictis
750 5576 913 5634 etiam
939 5573 1052 5630 alia
1073 5573 1363 5630 subtexere
1395 5570 1749 5645 compuleris,
1768 5567 1893 5643 jam
1910 5569 2041 5628 dicti

422 5675 686 5755 praesidio
708 5673 947 5746 exempli
972 5688 1062 5730 me
1072 5671 1380 5729 deliberare
1401 5670 1664 5753 conabor.
1684 5669 2033 5743 Discipulus:

420 5762 638 5824 Dictum
666 5773 752 5822 est
783 5763 841 5819 in
870 5761 1111 5832 antiquis
1137 5756 1453 5832 proverbiis
1484 5759 1634 5830 quod
1674 5766 1786 5816 nea
1839 5755 2036 5816 eadem

418 5860 835 5943 compunrticne
862 5857 1011 5914 dolet
1039 5856 1129 5935 qui
1178 5872 1275 5930 pro
1308 5855 1635 5912 muneribus
1676 5853 2031 5921 lacrimatur,

2146 568 2289 626 adeo
2314 567 2512 626 dilexit
2558 567 2835 625 fabulator
2862 568 3006 628 sicut
3026 577 3082 629 ct
3110 577 3165 627 tu
3210 586 3302 629 me
3327 569 3532 643 diligis.
3556 571 3761 631 Voluit

2145 657 2291 715 enim
2319 656 2518 715 fabulis
2538 661 2654 714 suis
2671 672 2800 714 sum
2818 657 3164 731 aliquantum
3182 658 3471 727 seducere,
3483 660 3584 719 sed
3600 672 3759 733 prmo

2148 754 2318 811 libata
2342 754 2636 812 mulierum
2665 753 2889 827 ingenia
2915 756 3116 827 pande.
3148 758 3428 831 Magister.

2745 982 3013 1046 FABULA
3052 986 3152 1046 XI.

2214 1144 2430 1212 Dictum
2456 1162 2537 1210 est
2565 1153 2711 1227 quod
2739 1152 2962 1229 quidam
2991 1152 3191 1212 nobilis
3220 1156 3490 1231 progenie
3518 1142 3759 1214 habere!

2141 1256 2365 1299 uxorem
2394 1248 2599 1299 castam
2632 1242 2862 1299 nimium
2901 1248 2957 1300 et
2991 1243 3312 1302 formosam.
3332 1244 3572 1318 Contigit
3600 1244 3754 1301 forte

2141 1330 2291 1405 quod
2317 1330 2579 1387 orationis
2600 1332 2783 1389 studio
2801 1333 3025 1390 Romam
3054 1333 3217 1389 vellet
3236 1332 3419 1401 adire,
3444 1330 3543 1391 sed
3573 1330 3757 1389 alium

2139 1419 2423 1475 custodem
2463 1420 2648 1476 uxoris
2687 1438 2800 1477 suae
2829 1418 2933 1477 nisi
2963 1421 3315 1495 semetipsam
3351 1422 3524 1479 noluit
3563 1421 3752 1495 depu-

2140 1515 2278 1577 tare,
2297 1506 2443 1564 illius
2469 1509 2633 1565 castis
2656 1510 2898 1567 moribus
2936 1512 3067 1567 satis
3093 1510 3336 1569 conﬁsus
3365 1518 3419 1568 et
3439 1510 3743 1585 probitatis

2139 1604 2368 1662 honore.
2400 1605 2550 1662 Uxor
2578 1622 2709 1663 vero
2736 1615 2893 1665 caste
2908 1606 3145 1665 vivendo
3164 1616 3220 1666 et
3250 1608 3303 1664 in
3334 1606 3586 1665 omnibus
3606 1625 3747 1682 pru-

2139 1692 2336 1750 denter
2363 1709 2536 1767 ageus
2567 1695 2849 1752 remansit.
2871 1694 3090 1754 Accidit
3118 1697 3335 1754 tandem
3375 1697 3518 1770 quod
3544 1713 3748 1759 neces-

2140 1780 2304 1838 sitate
2332 1782 2617 1856 compulsa
2645 1800 2675 1839 a
2723 1785 2889 1842 domo
2917 1801 3015 1841 sua
3054 1780 3280 1858 prepria
3312 1780 3465 1842 suam
3493 1796 3750 1844 conven-

2140 1877 2266 1927 tura
2308 1868 2540 1929 vicinam
2570 1871 2955 1947 egrederetur,
2987 1890 3111 1947 qute
3149 1883 3374 1946 peracto
3415 1874 3640 1949 negotio
3677 1868 3752 1931 ad

2140 1953 2367 2027 propria
2411 1955 2687 2012 remeavit.
2727 1954 2905 2026 Quam
2947 1956 3165 2026 juvenis
3210 1967 3489 2030 aspectam
3527 1957 3751 2014 ardenti

2139 2059 2331 2100 amore
2368 2043 2602 2117 diligere
2641 2046 2830 2118 coepit,
2865 2054 2919 2101 et
2965 2047 3034 2101 ad
3083 2064 3202 2102 eam
3231 2044 3500 2119 plurimos
3543 2044 3751 2102 direxit

2137 2132 2388 2200 nuncios,
2418 2132 2645 2206 cupiens
2698 2133 2771 2191 ab
2827 2133 2924 2191 illa
2970 2144 3234 2210 quantum
3281 2134 3495 2192 amabat
3546 2135 3742 2191 amari.

2139 2220 2351 2290 Quibus
2394 2222 2719 2294 contemptis
2773 2240 2899 2280 eum
2959 2224 3177 2295 penitus
3223 2224 3453 2295 sprevit.
3514 2224 3745 2281 Iuvenis

2136 2321 2261 2361 cum
2287 2322 2347 2362 se
2376 2306 2457 2362 sic
2495 2313 2872 2378 contemptum
2945 2307 3187 2375 sentiret,
3219 2306 3413 2364 dolens
3442 2308 3582 2366 adeo
3614 2308 3740 2364 etii-

2138 2388 2283 2450 citur
2328 2400 2386 2449 ut
2427 2393 2595 2450 nimio
2640 2392 2981 2452 inﬁrmitatis
3034 2411 3206 2453 onere
3255 2405 3599 2471 gravaretur,
3633 2414 3748 2453 saa-

2136 2478 2259 2554 pius
2288 2490 2471 2539 tamen
2496 2482 2629 2541 illuc
2673 2482 2787 2540 ibat
2833 2501 2941 2557 quo
2992 2482 3273 2542 dominam
3319 2500 3607 2560 egressam
3653 2485 3746 2541 vi-

2137 2570 2311 2634 derat,
2351 2566 2678 2628 desideran's
2708 2589 2832 2629 eam
2880 2574 3198 2639 convenire,
3248 2572 3349 2630 sed
3397 2584 3748 2648 nequaquam

2137 2654 2308 2715 valuit
2336 2658 2577 2717 eﬂicere.
2609 2660 2716 2717 Cui
2762 2678 2879 2734 prae
2907 2660 3101 2719 dolore
3157 2657 3465 2719 lacrimanti
3494 2660 3550 2719 ﬁt
3580 2662 3748 2720 obvia

2138 2760 2279 2803 auus
2326 2747 2611 2827 religionis
2658 2749 2849 2807 habitu
2891 2750 3154 2808 decorata
3201 2768 3457 2823 quaerens
3496 2766 3743 2825 quaenam

2139 2842 2288 2893 esset
2314 2851 2486 2895 causa
2528 2855 2649 2911 quas
2676 2855 2803 2895 eum
2835 2837 3024 2897 dolore
3076 2838 3437 2913 compelleret
3470 2859 3486 2908 ;
3522 2839 3620 2895 sed
3646 2838 3748 2913 ju-

2140 2924 2295 2981 venis
2345 2924 2475 2999 quid
2510 2924 2566 2981 in
2607 2942 2705 2982 sua
2753 2926 3078 2984 versabatur
3122 2929 3464 2986 conscientia
3512 2924 3740 2984 minime

2137 3013 2399 3087 detegere
2426 3014 2661 3072 Volebat.
2692 3014 2773 3071 Ad
2830 3028 2992 3090 quem
3024 3032 3164 3074 anus
3197 3036 3211 3072 :
3245 3016 3467 3089 Quanto
3501 3018 3624 3091 quis
3655 3018 3746 3074 in-

2142 3101 2453 3160 ﬁrmitatem
2487 3119 2643 3160 suam
2701 3104 2918 3163 medico
2948 3108 3197 3164 revelare
3253 3104 3548 3174 distulerit,
3598 3111 3749 3162 tanto

2061 3202 2112 3266 α
2138 3186 2382 3261 graviori
2424 3184 2621 3246 morbo
2665 3193 2879 3246 attritus
2926 3186 3114 3248 fuerit.
3148 3190 3270 3262 Quo
3317 3191 3503 3248 audito
3547 3200 3739 3246 narra-

2140 3276 2217 3333 vit
2255 3288 2323 3335 ex
2365 3275 2557 3335 ordine
2600 3288 2723 3352 quae
2771 3274 3082 3336 acciderant
3125 3288 3178 3336 et
3222 3294 3384 3336 suum
3428 3278 3733 3353 propalavit

2140 3372 2436 3423 secretum.
2481 3366 2579 3422 Cui
2624 3380 2802 3423 anus:
2836 3367 2916 3425 De
2964 3368 3050 3425 his
3098 3382 3220 3443 qua:
3262 3367 3370 3437 iam
3413 3364 3599 3424 dixisti
3639 3362 3740 3425 Dei

2142 3452 2345 3511 auxilio
2374 3454 2682 3511 remedium
2705 3455 3002 3519 inveniam.
3035 3458 3089 3513 et
3119 3470 3184 3515 eo
3209 3454 3399 3515 relicto
3424 3457 3495 3513 ad
3526 3455 3744 3530 propria

2144 3536 2429 3600 remeavit.
2465 3543 2601 3613 Quae
2641 3544 2947 3602 caniculam
2989 3558 3148 3620 quam
3195 3542 3343 3617 apud
3389 3563 3449 3603 se
3486 3546 3740 3613 habebat,

2144 3626 2362 3685 duobus
2407 3626 2603 3684 diebus
2634 3628 2896 3702 jejunare
2946 3631 3150 3705 coegit.
3191 3630 3291 3687 Die
3341 3630 3504 3687 tertia
3548 3638 3743 3703 panem

2145 3711 2339 3785 synapi
2384 3711 2697 3771 confectum
2743 3713 3017 3785 jejunauti
3065 3712 3261 3788 largita
3310 3724 3414 3781 est,
3444 3731 3566 3787 qum
3612 3715 3738 3770 dum

2144 3807 2408 3874 gustaret,
2441 3816 2539 3874 pro
2575 3798 2940 3859 amaritudine
2984 3800 3129 3859 oculi
3160 3804 3279 3872 ejus
3321 3800 3604 3860 lacrimari
3631 3818 3744 3860 ctr-

2145 3894 2368 3963 perunt.
2410 3889 2682 3963 Deinceps
2720 3905 2860 3948 anus
2886 3890 2981 3947 illa
3024 3888 3096 3948 ad
3123 3888 3339 3963 pudicze
3383 3884 3605 3949 domum
3636 3881 3737 3949 fte-

2147 3977 2315 4035 minas
2355 3980 2599 4051 perrexit
2646 3995 2808 4053 quam
2850 3978 3069 4052 juvenis
3116 3974 3411 4052 praedictus
3457 3980 3743 4053 adamavit,

2149 4085 2271 4141 quae
2315 4067 2616 4127 honoriﬁce
2655 4085 2757 4142 pro
2801 4085 3015 4142 magna:
3045 4061 3331 4143 religionis
3376 4070 3561 4143 specie
3589 4064 3656 4126 ab
3685 4082 3745 4126 ea

2150 4174 2411 4238 suscepta
2438 4174 2547 4223 est.
2589 4167 2742 4223 Hanc
2768 4175 2951 4224 autem
2979 4183 3082 4225 sua
3116 4167 3457 4240 sequebatur
3483 4167 3743 4225 canicula.

2151 4254 2398 4325 Cumque
2429 4254 2656 4313 vidisset
2674 4254 2874 4312 mulier
2902 4242 2994 4312 illa
3021 4255 3327 4314 caniculam
3356 4255 3741 4323 lacrimantem,

2149 4343 2403 4417 qusivit
2428 4343 2575 4416 quod
2603 4343 2830 4401 haberet
2872 4351 2930 4401 et
2972 4344 3145 4415 quare
3172 4343 3574 4405 lacrimaretur.
3602 4348 3745 4401 Anus

2149 4432 2222 4489 ad
2243 4432 2350 4490 hoc
2381 4450 2393 4486 :
2426 4432 2566 4489 Cara
2610 4432 2812 4499 amica,
2847 4448 2916 4490 ne
2944 4446 3162 4505 quaeras
3188 4433 3319 4506 quid
3347 4433 3434 4498 sit,
3462 4433 3587 4507 quia
3610 4434 3743 4491 adeo

2151 4535 2400 4595 magnas
2426 4520 2590 4578 dolor
2625 4528 2714 4578 est
2740 4521 2886 4594 quod
2913 4535 3130 4595 nequeo
3157 4521 3365 4579 dicere.
3401 4522 3599 4578 Mulier
3622 4532 3743 4578 rna-

2148 4610 2236 4679 gis
2279 4609 2513 4667 instabat
2552 4614 2613 4667 ut
2635 4610 2865 4678 diceret,
2886 4610 2976 4667 cui
3020 4624 3210 4667 anus:
3250 4610 3384 4668 Haec
3429 4622 3592 4684 quam
3622 4624 3746 4669 con-

2148 4698 2315 4770 spicis
2341 4698 2649 4756 nauiculam
2665 4714 2786 4755 mea
2808 4707 2933 4756 erat
2947 4698 3060 4755 ﬁlia
3078 4707 3233 4755 casta
3256 4699 3422 4756 nimis
3442 4703 3498 4756 et
3525 4698 3740 4767 decen,

2146 4803 2311 4860 quam
2347 4788 2563 4857 juvenis
2608 4787 2883 4844 adamavit
2928 4784 3203 4861 quidem;
3256 4787 3357 4846 sed
3422 4788 3562 4846 adeo
3604 4794 3747 4846 casta

2147 4884 2288 4947 erat,
2333 4885 2394 4933 ut
2438 4891 2559 4933 eum
2612 4878 2839 4935 omnino
2879 4885 3187 4949 sperneret,
3229 4884 3283 4933 et
3345 4876 3462 4947 ejus
3508 4888 3742 4933 amorem

2145 4969 2455 5037 naspueret.
2489 4965 2647 5023 Unde
2697 4965 2895 5024 dolens
2958 4966 3100 5023 adeo
3144 4964 3393 5031 edicitur,
3452 4972 3510 5023 ut
3554 4980 3743 5039 magna

2147 5054 2471 5128 aegritudine
2497 5056 2882 5130 stringeretur,
2910 5062 3012 5129 pro
3040 5068 3152 5130 qua
3178 5054 3346 5128 culpa
3372 5050 3742 5112 miserabiliter

2146 5143 2266 5201 haec
2290 5160 2458 5217 supra
2504 5143 2651 5202 dicta
2688 5141 2804 5200 ﬁlia
2830 5152 2951 5202 mea
2980 5145 3037 5200 in
3065 5144 3372 5203 nauiculam
3402 5151 3614 5201 mutata
3639 5150 3732 5202 est.

2146 5232 2246 5289 liis
2279 5232 2443 5290 dictis
2470 5248 2585 5305 prae
2610 5232 2792 5290 nimio
2816 5231 3011 5291 dolore
3057 5234 3234 5306 erupit
3262 5233 3319 5288 in
3336 5231 3589 5290 lacrimas
3616 5236 3739 5289 anus

2143 5319 2257 5379 illa.
2296 5321 2384 5378 Ad
2423 5322 2537 5380 hac
2564 5319 2790 5378 fmina
2821 5338 2837 5378 :
2871 5321 3039 5392 Quid,
3088 5332 3218 5381 cara
3256 5321 3507 5389 domina,
3554 5321 3739 5378 similis

2143 5410 2360 5483 peccati
2401 5410 2644 5480 conscia,
2689 5410 2844 5484 quid,
2886 5412 3130 5485 inquam,
3180 5410 3388 5469 tactura
3442 5422 3565 5467 sum
3586 5412 3621 5464 ‘t
3660 5411 3738 5467 le

2143 5499 2347 5557 etenim
2392 5498 2585 5558 dilexit
2623 5500 2877 5574 juvenis,
2918 5502 3018 5558 sed
3072 5510 3263 5558 amore
3310 5492 3575 5557 castitatis
3624 5506 3735 5557 eum

2142 5589 2473 5661 miscui,
2501 5596 2558 5647 et
2593 5589 2760 5646 ’simili
2798 5586 2972 5647 modo
3016 5590 3074 5647 ei
3112 5588 3364 5662 adﬂigit.
3410 5589 3510 5646 cui
3562 5582 3733 5645 una:

2143 5676 2326 5759 Laudo
2355 5678 2472 5759 tibi,
2502 5692 2629 5736 cara
2653 5677 2852 5751 amica,
2880 5686 2941 5735 ut
2970 5694 3137 5755 quam
3164 5677 3324 5737 citius
3347 5677 3559 5753 poteris
3586 5677 3735 5749 hujus

2141 5756 2463 5824 miserearis
2505 5773 2561 5824 et
2599 5767 2747 5839 Quod
2788 5767 2983 5839 quem
3021 5767 3211 5836 facias,
3263 5766 3334 5824 ne
3367 5770 3423 5823 et
3462 5773 3521 5823 tu
3568 5764 3719 5823 simili

2143 5854 2308 5914 modo
2337 5854 2394 5912 in
2422 5868 2620 5914 canem
2655 5855 2905 5913 muteris.
2930 5856 2983 5913 Si
3021 5856 3171 5914 enim
3201 5855 3399 5915 scirem
3430 5854 3570 5914 inter
3589 5855 3734 5926 juve-
