3966 6424
275 392 382 450 583

1592 403 1973 460 illSiLIPlJNA
2015 404 2412 466 CLERICALIS

3516 438 3617 489 686

279 516 404 577 item
424 508 781 594 'pr‘édi‘ctum
815 520 874 584 et
907 524 1069 583 ﬁliani
1100 518 1277 583 meam
1308 530 1584 597 amorem,
1616 530 1915 602 numquam
1942 518 1997 589 Α
2025 536 2391 605 consurgens,
2423 536 2574 593 tenit
2602 520 2672 595 ad
2704 540 2905 600 oetium
2936 542 2990 603 'et
3018 542 3268 620 apertum
3292 542 3501 625 clausit,
3530 532 3626 612 lir-

288 610 347 666 in
390 612 592 669 canem
641 616 972 672 mutaretur
1016 614 1150 672 aliis.
1204 618 1300 672 Cui
1349 618 1425 673 sit
1473 618 1667 674 mulier
1711 622 1861 675 casta
1898 635 1909 674 :

298 710 548 767 Obsecro
568 717 630 766 ut
656 712 967 768 consilium
997 714 1159 782 hujus
1188 714 1264 768 rei
1296 712 1423 795 utile
1455 710 1637 780 dicas,
1673 726 1744 770 ne
1775 714 1910 785 pre-

302 802 422 871 ‘pria
453 794 631 856 ibi-ina
660 802 877 873 privata
909 800 1117 857 etliciar
1140 794 1415 857 canicula.
1456 804 1681 857 Annus:
1717 804 1909 857 Liben-

2020 627 2207 717 mevit,
2256 628 2549 691 fenestram
2597 640 2864 711 ascendit,
2911 638 3167 717 stetitque
3214 647 3288 703 ibi
3316 634 3491 709 do‘néc
3529 650 3619 708 in-

2017 716 2245 773 camiSia
2273 724 2497 811 arerem
2536 728 2692 780 suam
2738 716 3104 789 revertentem
3152 730 3304 803 vidit.
3359 736 3478 811 qua
3509 743 3617 797 do-

2021 813 2163 857 mum
2209 806 2425 865 rediens
2473 814 2671 869 ostium
2702 817 2957 887 pulsavit.
3004 822 3100 878 Vir
3144 806 3425 883 mulierem
3460 836 3614 885 suam

305 898 391 943 ter
422 892 522 961 ‘pro
553 891 652 945 Dei
676 892 873 1000 altiore
894 894 946 946 et
973 890 1214 1000 remedio
1248 891 1444 989 anima:
1489 900 1657 960 meae,
1697 900 1750 1000 et
1784 892 1908 987 quia
2017 900 2251 987 audiens
2282 910 2335 961 et
2362 902 2573 975 videns,
2598 934 2601 937 ·
2624 908 2691 968 ac
2740 914 2785 969 si
2832 916 3069 976 nesciret
3106 916 3471 998 interregavit
3498 928 3620 1000 quis

306 980 574 1033 misereor
620 977 697 1032 tui
747 977 895 1033 hunc
934 978 1298 1048 supradictum
1343 978 1603 1049 juvenem
1643 984 1903 1051 quaeram,

301 1082 359 1129 et
388 1075 435 1129 si
464 1088 571 1147 quo
604 1076 859 1131 invenire
888 1085 1096 1147 potero,
1129 1075 1200 1132 ad
1230 1084 1281 1132 te
1312 1074 1594 1133 reducam.
1643 1076 1739 1133 Cui
1768 1088 1903 1149 gra-

2014 982 2183 1085 esset.
2217 996 2287 1085 at
2304 994 2419 1085 ipsa
2438 998 2618 1069 eulpae
2646 1003 2857 1059 v‘eniam
2878 1008 3071 1077 petens
3093 1016 3147 1065 et
3170 982 3469 1085 numquam

2013 1077 2155 1145 plius
2185 1096 2245 1137 se
2277 1082 2377 1139 hoc
2401 1084 2674 1143 facturum
2703 1093 3028 1161 promittens
3066 1097 3198 1154 nihil
3236 1077 3482 1171 profecit,
3510 1110 3608 1164 sed

299 1164 408 1218 tias
430 1164 542 1237 egit
570 1164 787 1271 m‘ulier,
822 1174 876 1219 et
914 1166 1181 1271 sicuanu‘s
1227 1164 1524 1267 artiﬁciosa
1552 1166 1709 1222 dictis
1729 1166 1901 1266 iidem
2010 1173 2097 1227 vir
2126 1172 2295 1233 iratus
2323 1180 2397 1234 ait
2426 1184 2570 1253 quod
2600 1200 2721 1241 eam
2752 1196 2858 1244 non
2890 1191 3097 1249 intrare
3126 1164 3486 1271 permitteret,
3507 1206 3605 1260 sed

293 1252 763 1365 pjrmbnit..Quem
794 1250 1045 1324 promisit
1066 1252 1283 1309 redukit
1299 1255 1583 1323 juvenem,
1616 1262 1666 1311 et
1696 1255 1778 1311 sic
1805 1269 1903 1313 eos
2009 1275 2132 1318 esse
2160 1278 2316 1321 suum
2338 1250 2459 1325 suis
2474 1276 2790 1341 parentibus
2812 1250 3149 1339 ostenderet:
3418 1250 3604 1365 Eua;

291 1341 622 1397 adsociavit.

2006 1364 2060 1458 et
2089 1362 2265 1433 magis
2294 1363 2539 1458 clamans
2567 1369 2700 1458 dixit
2731 1375 2877 1446 quod
2900 1377 3002 1432 nisi
3034 1366 3236 1436 ostium
3269 1362 3595 1458 recluderet,

365 1436 683 1511 Discipdlus
707 1436 974 1535 magislro
1004 1457 1018 1494 :
1049 1441 1562 1535 Nunqusmaudivi
1592 1451 1696 1535 tam
1730 1444 1897 1535 mira-
2000 1446 2060 1535 in
2090 1457 2312 1518 puteum
2344 1454 2433 1524 qui
2456 1448 2611 1524 jukta
2647 1436 2866 1517 domum
2895 1465 3010 1521 erat
3040 1468 3229 1525 saliret
3255 1436 3597 1535 ait:

282 1524 402 1583 bile
432 1528 582 1600 quod
611 1534 665 1583 et
689 1537 820 1599 puto
849 1526 966 1583 fieri
1011 1537 1128 1584 arte
1171 1530 1416 1601 dyaboli.
1474 1533 1735 1603 Magister
1766 1551 1778 1587 :
1812 1534 1893 1590 Ne
2001 1533 2199 1635 iiuiret,
2232 1541 2419 1636 sicque
2440 1544 2511 1599 de
2541 1555 2712 1604 morte
2744 1566 2845 1606 sua
2871 1553 3061 1611 amicis
3090 1565 3144 1613 et
3172 1524 3593 1636 propinquis-ra:

277 1624 535 1681 dubii“.
572 1626 919 1697 υιεείρυιαες
953 1626 1130 1698 spero
1150 1629 1295 1714 quod
1316 1629 1362 1683 si
1391 1630 1514 1701 quis
1542 1638 1651 1685 ιιηι
1673 1632 1894 1702 sapiens
1997 1623 2200 1714 tionem
2229 1629 2505 1687 redderet.
2536 1636 2781 1707 Sepretis
2795 1641 2956 1697 minis
2977 1623 3228 1703 dominus
3259 1623 3596 1714 ἐυωὶηυιίδ-

278 1713 392 1768 erit
412 1722 473 1768 ut
500 1720 721 1784 semper
746 1714 941 1770 timeat
971 1726 1029 1771 se
1060 1728 1227 1787 posse
1256 1712 1437 1787 decipi
1468 1726 1586 1773 arte
1616 1719 1887 1786 mulieris,

277 1802 537 1860 forsitam
567 1804 639 1857 ab
666 1803 815 1859 illius
846 1803 1069 1877 ingenio
1097 1820 1158 1860 se
1188 1806 1467 1862 custodire
1500 1807 1724 1863 Valebit.
1766 1809 1884 1863 Ma—

1996 1712 2331 1806 ris,_intrars
2361 1734 2470 1773 non
2502 1725 2768 1791 permisit.
2805 1727 2996 1786 Mulier
3025 1742 3157 1789 vero
3189 1736 3355 1806 plena
3392 1746 3505 1799 arte
3535 1712 3590 1801 et

1995 1800 2291 1899 calliditate
2302 1809 2539 1899 sumpsit
2558 1810 2795 1882 lapidem
2822 1832 2984 1887 quem
3007 1800 3235 1890 projecit
3255 1826 3312 1880 in
3338 1836 3583 1899 puteum.

274 1891 463 1961 gister
482 1908 501 1945 :
528 1891 721 1946 Audivi
751 1892 821 1946 de
852 1868 1086 1963 quodam
1113 1892 1335 1949 homine
1357 1894 1451 1965 qui
1474 1894 1707 1950 multum
1736 1896 1887 1952 labo.
1921 1868 1976 1948 i3
2003 1888 2105 1945 hac
2128 1868 2444 1951 intentione-
2465 1906 2523 1952 ut
2565 1868 2646 1954 vir
2686 1868 3585 1987 ωυεῖίᾷὦῶ-

277 1980 420 2034 ravit
451 1987 510 2034 ut
537 1995 692 2034 suam
721 1980 1041 2047 custodiret,
1072 1980 1173 2037 sed
1200 1981 1335 2037 nihil
1367 1983 1593 2053 profuit.
1624 1985 1881 2057 Discipu-

271 2078 371 2131 lus
405 2078 699 2148 magistro:
734 2078 833 2133 Dic
863 2078 995 2132 mihi
1035 2078 1165 2151 quid
1204 2080 1352 2145 fecit,
1383 2088 1441 2135 ut
1464 2080 1657 2138 melius
1685 2082 1877 2149 sciam,

270 2166 324 2220 si
358 2174 525 2237 quam
554 2166 787 2233 duxero,
822 2166 974 2222 illam
1002 2167 1296 2224 custodire.
1328 2170 1585 2241 Magister
1616 2190 1627 2225 :

876 2286 1143 2345 FABULA
1182 2287 1283 2343 XII
1298 2330 1311 2344 .

348 2402 586 2483 Quidam
609 2414 828 2486 juvenis
856 2412 951 2471 fuit
992 2414 1082 2486 qui
1122 2398 1291 2470 totam
1336 2414 1691 2473 intentionem
1720 2433 1872 2473 suam

266 2512 330 2561 et
361 2512 531 2559 totum
588 2519 813 2561 sensum
869 2510 922 2559 et
993 2502 1170 2558 adhuc
1224 2510 1391 2558 totum
1448 2512 1659 2576 tempus
1713 2522 1870 2563 suum

267 2592 429 2648 misit
474 2592 547 2648 ad
592 2584 695 2648 hoc
741 2600 797 2646 ut
847 2590 1012 2648 sciret
1058 2590 1427 2647 omnimodam
1474 2601 1648 2648 artem
1680 2594 1871 2652 mulie-

262 2692 373 2757 ris,
433 2699 487 2747 et
542 2690 645 2747 hoc
700 2689 842 2747 iacto
890 2689 1056 2745 voluit
1092 2689 1294 2746 ducere
1322 2706 1569 2747 uxorem.
1614 2692 1724 2749 Sed
1755 2694 1869 2766 pri-

257 2781 435 2836 mitus
500 2780 739 2853 perrexit
802 2794 1049 2852 quaerere
1116 2779 1402 2835 consilium
1451 2787 1505 2835 et
1574 2781 1869 2853 sapientioo

263 2886 385 2923 rem
417 2869 562 2923 illius
609 2867 849 2940 regionis
893 2867 1026 2941 adiit
1064 2867 1357 2923 hominem.
1406 2866 1649 2943 Qualiter
1676 2879 1866 2927 custo-

261 2958 393 3013 dire
433 2964 623 3028 posset
665 2973 826 3028 quam
874 2956 1095 3025 ducere
1146 2955 1363 3011 volebat
1426 2959 1676 3028 qumsivit
1724 2977 1865 3016 uxo-

256 3063 403 3101 rem.
441 3046 671 3118 Sapiens
701 3061 835 3101 vero
866 3045 972 3099 hoc
1001 3040 1231 3099 audiens
1260 3044 1363 3099 sibi
1395 3045 1547 3101 dedit
1573 3048 1861 3104 consilium

251 3134 405 3206 quod
434 3141 782 3192 construeret
826 3133 1050 3189 domum
1103 3132 1229 3189 altis
1277 3133 1576 3203 parietibus
1606 3136 1854 3207 lapideis,

251 3232 600 3295 poneretque
636 3223 783 3277 intus
822 3221 1128 3286 mulierem,
1176 3222 1444 3294 daretque
1489 3223 1592 3279 sibi
1623 3226 1757 3281 satis
1786 3229 1857 3283 ad
1887 3222 1938 3288 C

248 3310 661 3367 comedendum
680 3318 733 3367 et
753 3324 860 3366 non
878 3309 1152 3381 superﬂua
1174 3308 1506 3379 indumenta,
1540 3312 1856 3387 faceretque

245 3400 326 3455 ita
354 3401 585 3457 domum
616 3399 763 3472 quod
792 3412 903 3455 non
944 3407 1095 3455 esset
1125 3399 1180 3454 in
1212 3414 1275 3453 ea
1306 3398 1409 3455 nisi
1439 3401 1619 3456 solum
1654 3403 1854 3460 ostium

250 3488 489 3561 solaque
519 3488 762 3544 fenestra
810 3505 910 3559 per
928 3503 1093 3560 quam
1109 3488 1331 3563 videret,
1364 3498 1418 3544 et
1446 3490 1539 3545 tali
1572 3491 1854 3549 altitudine

246 3594 538 3650 perquam
586 3592 751 3634 nemo
794 3576 999 3632 intrare
1045 3585 1232 3648 posset
1272 3576 1361 3632 vel
1406 3578 1583 3635 exire.
1630 3580 1853 3637 Juvenis

248 3683 410 3733 vero,
466 3665 654 3722 audito
708 3666 938 3722 consilio
998 3665 1283 3737 sapientis,
1342 3666 1501 3722 sicuti
1538 3668 1854 3749 eijusserat

245 3753 385 3826 egit.
412 3754 569 3810 Mane
589 3770 722 3810 vero
752 3770 874 3810 cum
900 3754 1117 3823 juvenis
1135 3752 1314 3841 exibat
1346 3755 1415 3811 de
1442 3756 1626 3825 domo,
1651 3758 1851 3816 ostium

244 3842 502 3899 ﬁrmabat
530 3850 583 3899 et
608 3842 860 3898 similiter
888 3842 1109 3915 quando
1139 3842 1396 3899 intrabat.
1413 3844 1646 3914 Quando
1666 3855 1851 3904 autem

244 3931 579 3997 dormiebat,
610 3932 716 3987 sub
745 3931 923 4003 capite
954 3947 1054 3987 suo
1082 3930 1290 3988 clavem
1321 3932 1714 3990 abscondebat.
1735 3936 1852 3994 Hoc

241 4029 428 4077 autem
456 4021 624 4095 longo
654 4030 901 4092 tempore
957 4012 1086 4092 egit.
1146 4019 1394 4089 Quadam
1426 4039 1557 4078 vero
1600 4024 1690 4080 die
1720 4025 1850 4082 dum

231 4109 454 4176 juvenis
483 4110 585 4166 iret
613 4109 684 4164 ad
717 4108 917 4175 forum,
956 4108 1173 4175 mulier,
1214 4118 1271 4163 ut
1301 4119 1415 4165 erat
1447 4110 1606 4185 solita
1642 4112 1847 4185 facere,

241 4197 501 4254 ascendit
546 4196 839 4254 fenestram
874 4200 928 4253 et
966 4204 1157 4271 euntes
1207 4205 1260 4253 et
1294 4198 1595 4256 redeuntes
1642 4201 1847 4260 intente

239 4286 481 4357 aspexit.
521 4287 636 4343 Hac
664 4284 768 4342 una
797 4285 885 4342 die
907 4301 1029 4342 cum
1061 4285 1131 4341 ad
1165 4285 1463 4342 fenestram
1491 4298 1676 4357 staret,
1712 4292 1847 4348 vidit

241 4374 543 4448 quemdam
568 4376 835 4445 juvenem
869 4372 1165 4431 formosum
1216 4390 1453 4447 corpore
1488 4375 1653 4453 atque
1682 4379 1843 4453 facie,

245 4479 358 4540 quo
378 4463 500 4519 viso
520 4462 701 4518 statim
732 4462 877 4518 illius
893 4478 1075 4519 amore
1102 4478 1375 4519 succensa
1395 4464 1513 4535 fuit,
1534 4475 1587 4523 et
1606 4476 1663 4525 ut
1679 4486 1843 4543 supra

242 4551 454 4607 dictum
482 4554 585 4621 est,
607 4550 879 4608 custodita
899 4551 1062 4621 coepit
1085 4551 1336 4624 cogitare
1363 4554 1638 4625 quomodo
1659 4567 1713 4613 et
1740 4576 1842 4630 qua
1871 4581 1923 4643 ι)

243 4647 362 4694 arte
387 4647 575 4711 posset
602 4638 749 4715 loqui
777 4654 899 4709 cum
929 4639 1185 4719 adamato
1194 4641 1415 4710 juvene.
1436 4645 1503 4697 At
1533 4643 1654 4716 ipsa
1680 4646 1840 4718 plena

246 4727 472 4800 ingenio
502 4742 564 4783 ac
594 4726 896 4783 dolositatis
913 4735 1031 4783 arte
1053 4728 1317 4799 cogitavit
1348 4726 1494 4802 quod
1525 4732 1727 4815 claves
1746 4735 1842 4792 do-

247 4825 381 4879 mini
409 4824 493 4879 sui
521 4822 969 4883 furareturdum
1018 4824 1304 4893 dormiret,
1347 4836 1401 4883 et
1430 4828 1501 4884 ita
1531 4831 1670 4904 egit.
1711 4833 1840 4891 Haec

245 4928 379 4970 vero
408 4921 624 4970 assueta
654 4920 770 4970 erat
803 4913 1083 4971 dominum
1131 4931 1288 4970 suum
1321 4932 1647 4992 unaquaque
1677 4933 1838 4982 nocte

246 5011 516 5068 inebriare
545 5011 671 5067 vino
700 5018 758 5065 ut
786 5010 1032 5068 securius
1077 5011 1146 5068 ad
1193 5012 1424 5071 amicum
1456 5033 1613 5074 suum
1650 5030 1838 5091 posset

250 5099 404 5156 exire
432 5108 486 5156 et
515 5116 667 5156 suam
701 5098 1033 5157 voluntatem
1086 5100 1325 5172 explere.
1388 5104 1649 5163 Dominus
1703 5126 1836 5169 vero

250 5194 393 5266 illius
417 5194 810 5267 philosOphicis
855 5196 970 5265 jam
1025 5196 1257 5254 edoctus
1287 5201 1507 5258 monitis
1559 5205 1676 5264 sine
1706 5208 1835 5267 dolo

250 5285 420 5342 nullos
443 5301 576 5344 esse
605 5283 910 5341 muliebres
929 5293 1101 5352 actus,
1131 5286 1292 5358 coepit
1314 5290 1555 5361 coqitar‘e
1577 5295 1708 5366 quid
1734 5315 1835 5354 sua

251 5383 435 5452 coniux
493 5388 733 5438 strueret
786 5380 1062 5454 frequenti
1106 5388 1161 5439 et
1196 5386 1472 5443 cotidiana
1527 5394 1829 5464 potatione,

250 5474 379 5547 quod
409 5479 471 5529 at
510 5469 619 5527 sub
649 5469 867 5527 occulto
919 5476 1147 5543 poneret
1175 5489 1235 5529 se
1266 5473 1418 5532 {insit
1445 5478 1656 5536 ebrium
1686 5486 1828 5541 esse.

244 5566 396 5637 Gaius
426 5563 512 5621 rei
545 5559 747 5617 mulier
792 5560 965 5619 inscia
987 5561 1057 5617 de
1098 5561 1242 5621 lecto
1278 5568 1443 5623 nocte
1468 5583 1813 5646 consurg:

230 5662 473 5743 perrexit.
492 5657 575 5716 Id
605 5655 807 5711 035nm
836 5656 1053 5723 Mus;
1091 5670 1144 5714 et
1171 5664 1361 5732 aperto
1396 5664 1564 5722 exivit
1591 5667 1660 5723 ad
1689 5672 1831 5727 smi-

227 5773 359 5820 ευιῃ,
424 5750 530 5807 Vir
586 5746 777 5800 autem
828 5756 959 5803 suns
1014 5746 1069 5802 in
1125 5748 1342 5808 silentio
1389 5755 1564 5811 noctis
1592 5760 1834 5816 suaviter

272 5882 395 5965 (ll)
424 5874 589 5946 Cap.
634 5863 785 5932 itm,
814 5869 991 5927 iii-3!.
1026 5913 1038 5926 .
1077 5912 1090 5925 .
1125 5902 1136 5926 δ
1175 5914 1185 5926 ,
1220 5876 1407 5940 δινεῖ,
1439 5888 1513 5939 ,τε
1542 5863 1831 5951 qm“an

1994 1994 2216 2083 puteum
2240 1992 2446 2049 ruentis
2474 2003 2687 2065 putaret
2715 2010 2839 2057 sese
2869 2001 2924 2057 in
2954 2014 3175 2075 puteum
3207 2012 3493 2083 cecidisse,
3528 2030 3580 2075 et

1991 2074 2095 2163 hoc
2142 2088 2368 2147 peracto
2408 2083 2603 2139 mulier
2644 2097 2767 2157 post
2808 2074 3027 2161 puteum
3059 2110 3121 2151 se
3146 2096 3451 2158 abscondit.
3483 2074 3586 2163 'Vi'r

1981 2161 2218 2234 simplex
2274 2176 2436 2240 atque
2488 2172 2777 2245 insipiens,
2838 2180 3021 2236 audito
3077 2185 3254 2241 sonitu
3299 2188 3497 2262 lapidis

1986 2266 2208 2329 puteum
2254 2265 2493 2354 ruentis,
2553 2284 2689 2326 mox
2738 2272 2809 2329 de
2860 2274 3026 2334 domo
3052 2283 3367 2354 egrediens,
3412 2290 3583 2348 celeri

1984 2362 2149 2451 cursu
2198 2351 2270 2407 ad
2326 2362 2547 2451 puteum
2602 2360 2770 2429 venit,
2822 2372 3020 2434 putans
3050 2351 3241 2426 verum
3272 2351 3397 2432 esse
3435 2382 3581 2451 quod

1982 2437 2267 2495 mulierem
2320 2444 2566 2502 audisset
2621 2450 2909 2509 cecidisse.
2970 2455 3166 2514 Mulier
3221 2478 3359 2521 vero
3388 2437 3582 2525 videns

1979 2526 2181 2625 ostium
2211 2529 2408 2625 domus
2436 2543 2702 2605 apertum,
2734 2544 2788 2595 et
2817 2556 2924 2597 non
2954 2545 3124 2601 oblita
3154 2557 3240 2604 est
3284 2568 3396 2611 suae
3425 2559 3578 2625 artis.

1976 2612 2203 2672 intravit
2254 2619 2501 2688 domum,
2556 2625 2875 2700 firmatoque
2928 2633 3071 2690 ostio
3125 2642 3372 2698 ascendit
3419 2612 3580 2703 felle;

1977 2709 2167 2760 stram.
2203 2706 2299 2764 Ille
2320 2717 2502 2767 autem
2537 2713 2728 2771 ridens
2761 2732 2822 2773 se
2855 2732 2980 2776 esse
3018 2723 3327 2798 deceptum,
3360 2732 3574 2806 inquit:

1977 2799 2025 2856 Ο
2056 2802 2249 2859 mulier
2275 2803 2455 2874 fallax,
2500 2808 2662 2880 plena
2688 2821 2807 2870 arte
2836 2816 3058 2884 diaboli.
3090 2826 3343 2893 permitte
3370 2799 3457 2887 me
3486 2832 3575 2889 in-

1976 2895 2144 2955 trare,
2178 2899 2230 2948 et
2258 2894 2522 2967 quidquid
2551 2901 2684 2955 mihi
2713 2902 2848 2958 foris
2885 2905 3061 2963 fecisti
3091 2926 3179 2967 me
3225 2918 3574 2977 condonatu-

1973 2992 2092 3082 rum
2123 2979 2216 3035 tibi
2244 2982 2434 3081 crede.
2474 2989 2542 3041 At
2569 2988 2661 3043 illa
2688 3006 2813 3046 eum
2861 2992 3157 3069 increpans
3186 3002 3573 3082 intreitumque

1970 3064 2169 3160 domus
2198 3070 2421 3127 omnino
2457 3081 2512 3129 et
2541 3088 2883 3137 sacramento
2929 3064 3213 3160 denegans
3241 3093 3314 3148 ait
3348 3110 3362 3149 :
3397 3097 3445 3153 Ο
3469 3064 3567 3155 is;

1968 3153 2183 3253 ductor.
2215 3166 2363 3253 tuum
2393 3176 2516 3219 esse
2549 3172 2731 3253 atque
2789 3178 2940 3227 tuum
2998 3153 3217 3235 facinus
3244 3153 3566 3253 parentibus

1966 3243 2069 3333 tuis
2113 3246 2419 3315 Ostendam,
2470 3252 2594 3323 quia
2631 3270 2953 3332 unaquaque
2998 3274 3157 3323 nocte
3208 3243 3268 3325 es
3299 3243 3565 3333 sollicitus

1966 3329 2034 3438 ita
2065 3332 2243 3390 furtim
2263 3351 2299 3391 a
2329 3341 2591 3438 meexire
2619 3352 2671 3398 et
2704 3329 3025 3408 meretrices
3046 3355 3198 3413 adire
3220 3378 3233 3423 ;
3259 3366 3314 3419 et
3334 3360 3409 3418 ita

1965 3418 2227 3513 Parentes
2260 3441 2391 3481 vero
2424 3427 2542 3484 haec
2586 3432 2893 3493 audientes
2938 3448 3103 3513 atque
3147 3418 3334 3503 verum

1963 3517 2179 3589 mentes
2207 3511 2624 3588 iucrepaverunt
2643 3535 2788 3589 eum,
2813 3528 2868 3579 et
2896 3526 2968 3581 ita
2990 3511 3181 3589 mulier
3208 3534 3303 3593 illa
3329 3538 3562 3602 liberata

1962 3613 2081 3711 arte
2110 3623 2211 3665 sua
2240 3609 2503 3683 ﬂagitium
2524 3615 2669 3687 quod
2688 3630 2960 3679 memerat
2986 3625 3043 3681 in
3073 3629 3249 3687 virum
3305 3636 3557 3711 detrusit,

1962 3701 2049 3757 cui
2078 3703 2210 3759 nihil
2252 3706 2455 3776 profuit
2496 3710 2663 3769 immo
2707 3714 2858 3772 oﬁ'uit
2898 3720 3187 3781 mulierem
3214 3701 3546 3794 custodisse;

1959 3801 2235 3903 liam
2258 3807 2431 3903 etiam
2448 3812 2647 3868 accidit
2670 3818 2921 3875 cumulus
2957 3823 3194 3883 miseriae
3224 3831 3370 3903 quod
3400 3837 3553 3893 exis-

1960 3890 2237 3984 timatione
2292 3896 2647 3968 plurimorum
2719 3907 2863 3977 quod
2936 3890 3257 3982 patiebatur.
3290 3890 3560 3984 meruisse

1957 3980 2296 4084 crederetur,
2328 3986 2474 4043 unde
2490 3990 2709 4079 quidem
2732 3994 2888 4051 benis
2910 3980 3214 4074 quampluri
3224 4007 3322 4063 bus
3344 3980 3552 4084 pulsus;

1957 4066 2314 4141 dignitatibus
2341 4084 2552 4145 exutus,
2586 4066 2985 4144 cuiatimatiode
3002 4066 3234 4151 ﬁedatus
3262 4066 3548 4161 ob

1957 4170 2358 4244 maliloquium,
2389 4175 2627 4235 incestus
2656 4182 2774 4241 tulit
2805 4190 3155 4260 Supplicium.

2026 4266 2349 4366 mscipulus.
2407 4274 2583 4366 Nemo
2638 4287 2721 4336 est
2779 4284 2869 4357 qui
2918 4287 2986 4342 ab
3036 4289 3261 4366 ingenio
3304 4294 3550 4363 mulieris

1953 4358 2227 4461 custodire
2256 4364 2315 4416 se
2352 4365 2547 4461 possit,
2598 4368 2703 4424 nisi
2751 4374 2913 4444 quem
2955 4358 3553 4461 Deus'custodieritv,vevt

1953 4443 2071 4552 bare
2114 4447 2239 4503 talis
2282 4450 2526 4509 narratio
2578 4470 2647 4512 ne
2694 4443 2899 4518 ducam
2948 4474 3175 4528 uxorem

1950 4539 2292 4640 dehprtatio._
2310 4548 2569 4619 Magister
2616 4554 2783 4612 :Non
2813 4558 2983 4618 debes
3040 4568 3232 4627 omnes
3289 4539 3547 4640 mulieres

1951 4630 2175 4742 «egere
2204 4635 2358 4732 .tales
2382 4648 2553 4742 Iesse,
2598 4645 2855 4715 quoniam
2886 4654 3089 4737 magna
3128 4630 3543 4742 bonitas—tque.

1949 4721 2174 4815 castitas
2200 4722 2267 4815 in;
2284 4725 2476 4783 multis
2505 4724 2817 4802 repperitur
2858 4721 3197 4815 Muneribus,
3231 4750 3284 4805 et
3313 4721 3539 4815 icui};

1945 4807 2092 4866 bona
2142 4812 2367 4871 muliere
2420 4816 2619 4874 bonam
2669 4823 2983 4883 societatem
3040 4807 3300 4907 repperiri

1944 4905 2091 4963 Bona
2120 4909 2313 4967 mulier
2341 4910 2516 4971 ﬁdelis
2544 4925 2729 4976 custos
2757 4930 2842 4978 est
2871 4934 2921 4981 et
2952 4927 3095 4985 bona
3132 4905 3533 5001 domus-Salo-

1945 5017 2073 5060 mon
2096 5004 2153 5060 in
2181 5006 2289 5065 ﬁne
2316 5010 2446 5067 libri
2476 5015 2898 5077 Proverbiorum
2928 5039 3147 5085 suorum
3174 5032 3363 5107 viginti
3392 5040 3531 5101 duos

1943 5113 2137 5191 versus
2164 5104 2234 5159 de
2262 5104 2421 5163 laude
2447 5117 2609 5182 atque
2645 5114 2886 5175 bonitate
2914 5122 3155 5182 mulieris
3197 5104 3353 5190 bona!
3383 5150 3533 5195 com-

1941 5198 2122 5309 posuit
2149 5201 2281 5309 si).
2307 5202 2615 5299 Discipuius
2644 5213 2711 5268 ad
2740 5215 2892 5273 haec:
2924 5206 3068 5279 Bene
3090 5234 3175 5283 me
3195 5228 3527 5309 confertasti,

1943 5295 2039 5350 sed
2068 5296 2265 5352 audisti
2285 5306 2468 5358 tamen
2490 5295 2720 5379 aliquam
2773 5314 3054 5374 mulierem
3076 5340 3195 5394 quae
3223 5326 3304 5383 sui
3334 5295 3530 5394 sensus

1941 5388 2231 5502 ingenium,
2256 5395 2522 5455 niteretur
2563 5401 2616 5459 in
2654 5402 2867 5489 bonum
2914 5388 3174 5477 mittere?
3212 5388 3524 5502 Magister:

1941 5486 2155 5595 Audivi.
2188 5490 2494 5595 Discipulus
2526 5516 2538 5552 :
2564 5486 2728 5558 Refer
2752 5504 2882 5564 mihi
2911 5511 2979 5569 de
3011 5512 3123 5584 illa,
3158 5510 3283 5595 quia
3302 5486 3531 5591 videtur

1938 5585 2069 5642 mihi
2100 5600 2188 5645 res
2218 5593 2384 5648 nova.
2422 5590 2679 5668 Magister
2708 5620 2723 5657 :

2494 5762 2773 5828 FABULA
2810 5770 2970 5838 XIII;

2010 5874 2223 5948 Dictum
2258 5890 2350 5949 fuit
2380 5886 2514 5955 mihi
2546 5892 2690 5985 quod
2729 5886 2948 5985 quidam
2978 5884 3247 5998 iiispanus
3280 5892 3532 6005 perrexit
