3966 6396
473 364 573 416 68Ἱ

1409 355 1608 409 PETRI
1647 350 2004 408 ALPHONSI
2044 350 2143 406 EX
2178 348 2416 406 ΗΠ).Εο
2456 350 2852 406 CIIRISTIANI

3684 365 3801 416 688

466 484 646 550 Mech,
670 491 720 539 et
740 481 870 560 dum
899 481 1014 538 ibat
1032 478 1282 552 pervenit
1294 478 1352 534 in
1370 478 1684 552 Egyptum,
1717 477 1810 556 qui
1836 476 2056 533 deserta
2080 477 2143 540 Α
2170 475 2410 547 primum
2437 473 2701 529 scrinium
2743 473 2885 531 sicut
2909 475 2962 531 ei
3002 486 3342 552 praeceptum
3385 480 3563 540 fuerat
3592 485 3793 541 venit.

472 591 629 639 terrae
656 581 860 636 intrare
887 577 1078 638 volens
1107 584 1162 633 et
1205 576 1460 644 transire,
1495 574 1750 649 cogitavit
1777 573 1929 646 quod
1957 589 2063 646 pe-
2171 572 2271 628 Ille
2326 588 2457 630 vero
2487 572 2581 645 qui
2601 571 2893 644 pecuniam
2910 572 3212 645 celaverat,
3233 577 3430 649 pienns
3450 579 3720 652 nequitia:
3744 590 3808 638 et

474 671 694 730 cuniam
743 685 897 725 suam
943 667 998 721 in
1034 667 1267 739 zEgypto
1315 664 1651 732 demitteret,
1684 672 1740 720 et
1767 670 2066 734 antequam
2174 667 2334 724 malm
2361 667 2513 735 artis,
2544 675 2604 723 ut
2631 667 2765 724 vidit
2809 668 3090 727 hominem
3130 672 3440 730 venientem
3486 678 3579 734 cui
3609 691 3800 749 pecu-

475 770 746 826 dimittere
769 765 1032 822 voluisset
1050 763 1406 836 interrogavit
1421 762 1468 818 si
1483 761 1678 835 aliquis
1699 761 1874 818 ﬁdelis
1903 762 2069 818 homo
2174 757 2321 812 niam
2352 755 2647 824 celaverat,
2692 758 2892 816 timens
2939 775 3010 816 ne
3039 761 3088 815 si
3117 763 3406 832 pecuniam
3446 765 3798 838 requireret,

477 867 624 916 esset
654 858 712 912 in
749 856 848 911 illa
862 854 1085 928 regiona
1101 852 1186 910 cui
1207 861 1396 924 posset
1415 851 1760 909 committere
1780 849 2068 922 pecuniam
2175 845 2316 901 alius
2335 849 2429 918 qui
2449 860 2605 902 suam
2627 848 2915 918 pecuniam
2935 849 3244 907 adducebat
3265 866 3376 908 non
3399 853 3804 920 committeret,

473 971 652 1020 suam,
682 960 736 1010 et
781 949 1137 1008 ostenderunt
1168 948 1219 1005 ei
1247 948 1531 1020 antiquum
1564 947 1843 1004 hominem
1887 945 2070 1001 nomi-

474 1066 658 1116 natum
683 1053 955 1126 probitate
979 1051 1270 1119 ﬁdelitatis,
1302 1051 1391 1108 cui
1433 1051 1504 1107 de
1552 1064 1658 1106 suo
1691 1047 1841 1104 mille
1870 1048 2074 1103 talenta

475 1145 765 1214 commisit,
794 1143 1018 1199 demum
1043 1140 1302 1213 perrexit,
1333 1139 1591 1212 factoque
1619 1137 1812 1195 itinere
1831 1137 1902 1193 ad
1921 1137 2072 1192 illum

475 1235 636 1294 rediit
663 1233 751 1291 cui
797 1230 1086 1304 pecuniam
1133 1229 1427 1296 commisit,
1459 1237 1515 1285 et
1545 1227 1694 1300 quod
1723 1227 2076 1284 commiserat

476 1327 546 1383 ab
575 1341 642 1382 eo
671 1321 942 1396 qumsivit.
975 1323 1043 1376 At
1070 1318 1162 1375 ille
1191 1319 1388 1391 plenus
1434 1317 1686 1390 nequitiae
1725 1315 1882 1372 illum
1908 1331 2073 1371 num-

477 1430 639 1489 quam
669 1420 832 1468 antea
860 1425 920 1466 se
951 1408 1152 1464 vidisse
1173 1407 1409 1465 dicebat.
1435 1407 1530 1463 Ille
1552 1421 1681 1462 vero
1705 1405 1786 1462 sic
1807 1404 2076 1476 deceptus

474 1512 716 1588 perrexit
742 1510 812 1565 ad
841 1508 1047 1580 probos
1076 1507 1326 1563 homines
1370 1505 1616 1577 regionis
1653 1504 1823 1571 illius,
1857 1511 1910 1560 et
1937 1518 2076 1576 quo-

477 1603 642 1660 modo
670 1606 958 1656 tractasset
986 1613 1112 1652 eum
1145 1596 1307 1651 homo
1335 1595 1426 1650 ille
1464 1594 1560 1651 cui
1589 1593 1874 1665 pecuniam
1918 1607 2074 1648 com-

476 1693 699 1748 miserat
727 1689 808 1745 eis
833 1685 1033 1742 retulit.
1069 1684 1242 1742 Vicini
1273 1698 1403 1739 vero
1450 1683 1598 1738 illius
1626 1682 1697 1738 de
1725 1698 1793 1737 eo
1821 1681 1945 1736 talia
1973 1697 2074 1736 au-

474 1791 689 1848 dientes
719 1787 944 1845 credere
983 1784 1297 1850 noluerunt,
1330 1784 1430 1839 sed
1459 1783 1591 1838 nihil
1628 1783 1734 1839 hoc
1762 1797 1886 1838 esse
1917 1780 2076 1836 dixe-

476 1888 622 1936 runt.
654 1875 759 1947 Qui
788 1891 924 1931 vero
952 1873 1241 1946 pecuniam
1272 1871 1598 1944 perdiderat,
1634 1884 1963 1940 unaquaque
1988 1868 2079 1925 die

471 1970 543 2026 ad
571 1967 797 2024 domum
827 1963 974 2019 illius
1003 1962 1094 2034 qui
1124 1961 1399 2017 retinebat
1414 1960 1614 2029 injuste
1634 1959 1921 2031 pecuniam
1942 1959 2073 2025 ibat,

473 2055 798 2128 blandisque
824 2051 1076 2124 precibus
1105 2066 1232 2106 eum
1272 2050 1674 2121 deprecabatur
1704 2055 1764 2103 ut
1791 2046 2077 2120 pecuniam

473 2151 754 2217 redderet,
805 2147 953 2219 quod
1009 2146 1272 2216 deceptor
1318 2143 1569 2212 audiens,
1626 2143 1926 2214 increpavit
1949 2157 2074 2198 eum

472 2241 662 2298 dicens
679 2254 747 2294 ne
767 2235 998 2308 amplius
1019 2235 1127 2289 tale
1156 2233 1288 2305 quid
1315 2233 1386 2290 de
1405 2249 1473 2288 eo
1493 2233 1704 2290 diceret
1732 2232 1819 2288 vel
1849 2231 1920 2287 ad
1950 2247 2074 2286 eum

470 2338 704 2403 veniret,
735 2333 884 2407 quod
915 2333 962 2387 si
1012 2331 1234 2398 faceret,
1276 2344 1471 2401 pcenas
1498 2346 1565 2386 ex
1601 2329 1796 2385 merito
1833 2328 2066 2384 subiret.

471 2426 684 2484 Auditis
713 2423 876 2480 minis
903 2421 1049 2477 illius
1077 2420 1166 2493 qui
1197 2435 1324 2475 eum
1353 2416 1674 2490 deceperat,
1707 2418 1879 2473 tristis
1909 2417 2078 2488 coepit

474 2514 675 2578 redire,
697 2521 750 2568 et
773 2511 827 2565 in
849 2507 1133 2565 redeundo
1151 2507 1401 2563 obviavit
1421 2505 1636 2562 cuidam
1657 2505 1853 2562 vetulae
1878 2504 2076 2577 pannis

473 2599 882 2660 heremitalibus
897 2595 1116 2653 indutae.
1142 2597 1271 2652 Haec
1289 2604 1473 2652 autem
1501 2594 1696 2652 baculo
1725 2610 1825 2650 suo
1849 2593 2076 2664 fragiles

473 2700 624 2750 artus
651 2687 1007 2752 sustentabat,
1038 2695 1091 2742 et
1118 2701 1223 2756 per
1250 2685 1396 2742 viam
1425 2683 1702 2740 laudando
1722 2685 1898 2739 Deum
1929 2681 2072 2754 lapi-

473 2791 577 2847 des
603 2805 674 2844 ne
699 2783 1098 2842 transeuntium
1126 2783 1295 2855 pedes
1323 2782 1655 2839 laederentur
1684 2782 1916 2838 locabat.
1941 2782 2076 2850 Quae

475 2878 667 2935 videns
697 2874 971 2932 hominem
1000 2874 1238 2938 ﬂentem,
1289 2871 1551 2945 cognovit
1577 2887 1704 2926 eum
1734 2887 1858 2926 esse
1888 2879 2074 2926 extra-

472 2982 665 3024 neum.
723 2964 1004 3021 Commota
1047 2961 1247 3032 pietate
1289 2961 1344 3015 in
1389 2960 1750 3032 angiportum
1779 2960 1994 3016 vocavit
2021 2969 2077 3016 et

475 3056 606 3128 quid
634 3053 686 3110 ei
713 3051 1002 3110 accidisset
1023 3050 1412 3122 interrogavit.
1455 3053 1524 3104 At
1553 3049 1645 3105 ille
1673 3048 1925 3105 ordinate
1950 3064 2076 3105 nar-

473 3145 636 3202 ravit.
665 3141 908 3200 Famina
937 3139 1138 3195 auditis
1177 3137 1359 3194 verbis
1389 3139 1508 3208 ejus
1539 3138 1713 3208 inquit
1738 3155 1750 3191 :
1782 3138 1991 3205 Amice,
2029 3138 2076 3193 si

475 3251 608 3291 vera
645 3238 777 3289 sunt
819 3247 942 3302 quae
985 3227 1235 3294 retulisti,
1282 3226 1455 3284 feram
1505 3227 1600 3282 tibi
1635 3227 1763 3284 inde
1790 3229 2072 3285 auxilium.

471 3336 541 3391 Et
559 3333 651 3390 ille
682 3347 696 3386 :
730 3327 1020 3400 Quomodo
1049 3335 1210 3399 potes
1241 3327 1348 3383 hoc
1377 3327 1580 3394 facere,
1613 3326 1810 3383 ancilla
1837 3327 1983 3382 Dei?
2013 3330 2080 3383 At

476 3424 570 3479 illa
596 3420 810 3494 inquit:
842 3417 1034 3474 Adduc
1062 3416 1195 3470 mihi
1215 3415 1494 3471 hominem
1524 3415 1594 3471 de
1623 3423 1770 3471 terra
1796 3424 1891 3471 tua
1920 3417 2078 3487 cujus

477 3521 635 3578 factis
663 3527 717 3575 et
754 3516 921 3574 dictis
954 3513 1116 3571 ﬁdem
1148 3515 1355 3570 habere
1380 3514 1582 3585 possis.
1616 3513 1797 3572 Atille
1827 3515 2075 3571 adduxit.

479 3613 711 3667 Demnm
738 3606 952 3676 decepti
982 3604 1134 3661 socio
1162 3603 1426 3674 praecepit
1452 3602 1646 3659 decem
1676 3604 1856 3660 cofros
1890 3612 2076 3660 exter-

478 3702 564 3757 nis
583 3695 838 3772 pretiosis
865 3692 1114 3766 depictos
1133 3691 1430 3758 coloribus,
1459 3699 1621 3761 atque
1648 3691 1792 3748 ferro
1821 3691 2080 3766 deargen-

483 3799 594 3846 tato
621 3787 816 3859 ligatos
846 3798 972 3840 cum
998 3781 1156 3840 bonis
1186 3780 1327 3836 seris
1345 3795 1531 3836 emere
1560 3787 1614 3836 et
1643 3779 1714 3836 ad
1742 3780 1965 3836 domum
1995 3781 2080 3837 sui

483 3877 711 3951 hospitis
738 3872 952 3938 aﬂcrre,
1002 3868 1385 3942 lapidibusque
1437 3868 1785 3924 comminutis
1813 3870 2071 3942 implere.

477 3971 552 4025 At
579 3967 698 4038 ipse
726 3964 802 4019 ita
828 3961 960 4033 egit.
993 3957 1192 4014 Mulier
1209 3973 1345 4014 vero
1374 3965 1431 4012 ut
1460 3957 1596 4014 vidit
1621 3958 1807 4013 omnia
1835 3958 1930 4014 illa
1957 3976 2080 4031 qua:

481 4060 822 4131 praeceperat
849 4065 976 4106 esse
1003 4055 1208 4120 parata,
1232 4047 1307 4102 ait
1338 4063 1353 4102 :
1390 4047 1549 4103 Nunc
1583 4046 1778 4104 decem
1827 4048 2078 4105 homines

477 4143 734 4220 perquire
763 4139 856 4212 qui
884 4146 1074 4194 euntes
1103 4137 1175 4192 ad
1222 4135 1454 4191 domum
1483 4134 1630 4191 illius
1658 4135 1751 4208 qui
1779 4143 1832 4192 te
1858 4136 2082 4209 decepit

482 4258 696 4301 mecum
727 4243 782 4294 et
811 4253 934 4294 cum
966 4234 1115 4291 socio
1135 4243 1225 4291 tuo
1245 4233 1494 4291 deferant
1521 4235 1755 4292 scrinios
1784 4252 1926 4292 unus
1954 4245 2082 4309 post

483 4334 649 4390 alium
680 4327 964 4386 venientes
995 4323 1189 4380 ordine
1217 4324 1408 4398 longo,
1441 4333 1495 4380 et
1523 4339 1688 4398 quam
1723 4325 1833 4382 cito
1867 4325 2078 4397 primus

483 4428 694 4489 venerit
722 4427 794 4482 ad
822 4425 1043 4481 domum
1097 4422 1334 4478 hominis
1389 4421 1484 4495 qui
1537 4430 1591 4478 te
1643 4423 1860 4496 decepit
1903 4433 1957 4481 et
1983 4442 2079 4482 re-

485 4522 729 4595 quiescet
758 4514 849 4582 ibi,
881 4512 1006 4570 veni
1036 4519 1088 4568 et
1118 4511 1402 4584 interroga
1432 4511 1740 4582 pecuniam,
1765 4521 1820 4570 et
1846 4529 1952 4586 ego
1969 4521 2079 4569 tam

481 4617 699 4678 conﬁdo
727 4615 785 4671 in
812 4611 994 4668 Deum
1021 4608 1169 4683 quod
1199 4609 1415 4666 reddita
1443 4609 1542 4666 tibi
1583 4618 1674 4666 tua
1694 4611 1926 4682 pecunia
1952 4611 2079 4670 fue-

481 4712 565 4767 rit.
590 4711 660 4764 Λι
679 4707 796 4780 ipse
813 4701 974 4759 sicuti
989 4699 1178 4756 vetula
1197 4699 1444 4773 jusserat
1465 4697 1610 4767 fecit,
1635 4716 1759 4771 qua
1778 4716 1890 4757 non
1907 4701 2081 4759 oblita

477 4806 677 4880 incepti
713 4802 859 4877 quod
902 4806 1257 4873 praeceperat,
1308 4797 1413 4854 iter
1448 4797 1650 4869 incepit
1679 4807 1733 4855 et
1761 4800 1913 4856 venit
1952 4815 2076 4858 cum

478 4907 630 4966 socio
657 4900 872 4974 decepti
901 4899 969 4955 ad
998 4898 1223 4954 domum
1267 4895 1582 4967 deceptoris
1611 4899 1666 4953 et
1694 4896 1903 4971 inquit:
1939 4899 2078 4969 Qui-

478 4999 611 5054 dam
661 4995 825 5050 homo
858 4989 929 5046 de
971 4986 1250 5058 llyspania
1292 4984 1603 5056 hospitatus
1651 5001 1870 5044 mecum
1902 4989 2001 5044 fuit
2026 4997 2079 5045 et

475 5087 588 5142 vult
633 5081 788 5138 Mech
828 5076 998 5141 adire,
1040 5073 1344 5146 quaeritque
1394 5080 1554 5130 antea
1599 5075 1890 5146 pecuniam
1920 5093 2079 5134 suam

475 5192 595 5250 qua:
622 5180 705 5230 est
732 5171 787 5226 in
816 5167 1010 5224 decem
1049 5162 1266 5220 scriniis
1311 5163 1637 5219 servandam
1676 5163 1841 5221 alicui
1870 5166 2078 5222 homini

475 5268 651 5322 donec
692 5264 1002 5317 revertatur
1049 5250 1439 5309 commendare
1491 5268 1503 5307 :
1550 5267 1752 5324 precor
1788 5253 1978 5325 itaque
2017 5263 2077 5311 ut

476 5353 583 5412 mei
603 5365 769 5408 causa
789 5346 844 5402 in
864 5345 983 5401 aede
1004 5350 1094 5398 tua
1116 5337 1418 5408 custodias,
1450 5349 1504 5398 et
1524 5341 1647 5412 quia
1666 5342 1847 5400 audivi
1880 5353 1934 5400 et
1960 5345 2077 5403 scio

476 5460 531 5508 te
557 5450 763 5504 bonum
802 5442 1079 5500 hominem
1128 5445 1183 5496 et
1219 5436 1437 5496 fidelem
1481 5454 1625 5510 esse,
1681 5439 1808 5498 nolo
1835 5440 2076 5513 aliquem

478 5546 643 5604 alium
672 5550 869 5617 prazter
897 5546 950 5594 te
980 5535 1160 5595 solum
1190 5535 1352 5606 hujus
1385 5537 1631 5609 pecuniae
1660 5539 2073 5598 commendato-

477 5666 590 5706 rem
640 5645 857 5702 adesse.
908 5641 980 5696 Et
1024 5639 1152 5695 dum
1194 5638 1269 5694 ita
1310 5635 1626 5710 loqueretur
1667 5639 1817 5697 venit
1866 5642 2076 5716 primus

475 5746 732 5804 deferens
759 5739 1037 5807 scrinium,
1065 5737 1191 5812 aliis
1219 5753 1250 5792 a
1275 5737 1439 5812 longe
1467 5739 1882 5812 apparentibus.
1925 5743 2074 5800 Inte-

479 5844 579 5902 rim
610 5844 870 5917 deceptus
901 5843 1300 5914 praeceptorum
1327 5836 1522 5896 vetulae
1547 5853 1656 5897 non
1687 5838 1909 5910 oblitus,
1939 5849 2064 5916 post

2178 943 2367 990 contra
2421 949 2547 990 eum
2600 935 2678 992 ita
2733 935 2968 994 dicendo
3019 939 3299 1010 perrexit;
3360 940 3406 998 Ο
3461 941 3658 1009 amice,
3697 943 3802 998 ubi

2179 1030 2327 1087 fuisti
2352 1038 2408 1088 et
2433 1032 2526 1087 ubi
2555 1031 2834 1090 diutinasti
2851 1034 2880 1088 ?
2903 1035 3037 1091 Veni
3058 1043 3114 1092 et
3132 1037 3322 1110 accipe
3349 1039 3636 1110 pecuniam
3657 1040 3803 1096 fidei

2179 1144 2316 1186 mea
2337 1129 2544 1199 jamdiu
2584 1131 3046 1200 commendatam,
3097 1134 3234 1207 quia
3272 1135 3461 1193 inveni
3492 1141 3550 1194 et
3576 1138 3798 1194 amodo

2179 1219 2346 1274 taedet
2375 1234 2462 1275 me
2487 1219 2790 1277 custodire.
2819 1221 2998 1278 Atille
3022 1222 3182 1280 laetus
3213 1231 3269 1280 et
3297 1225 3550 1298 gaudens
3573 1229 3803 1299 recepit

2181 1315 2468 1388 pecuniam
2497 1315 2704 1388 gratias
2751 1331 2950 1388 agens.
3005 1317 3218 1383 Vetula,
3250 1328 3307 1376 ut
3336 1320 3476 1376 vidit
3503 1321 3799 1378 hominem

2180 1404 2470 1476 pecuniam
2500 1419 2658 1461 suam
2678 1404 2909 1473 habere,
2943 1407 3194 1463 surrexit
3219 1415 3276 1465 et
3303 1408 3486 1480 inquit
3514 1425 3528 1465 :
3579 1411 3802 1466 Ibimus

2181 1509 2288 1567 ego
2316 1501 2371 1550 et
2399 1493 2582 1550 socius
2613 1511 2770 1550 meus
2798 1503 2990 1551 contra
3022 1495 3265 1554 scrinios
3295 1506 3516 1556 nostros
3543 1507 3598 1556 et
3641 1499 3806 1557 festi-

2181 1606 2318 1648 nare
2353 1591 2745 1664 paecipiemus;
2788 1601 2844 1648 tu
2880 1609 3017 1650 vero
3037 1604 3272 1667 expecta
3289 1595 3472 1654 donec
3488 1597 3802 1654 redeamus

2183 1687 2236 1736 et
2263 1681 2404 1737 bene
2419 1697 2583 1736 serva
2601 1681 2748 1753 quod
2761 1682 2876 1752 jam
2906 1681 3251 1740 adduximus.
3303 1684 3401 1741 Ille
3427 1693 3606 1742 autem
3635 1685 3804 1742 laetus

2191 1777 2373 1833 animo
2403 1777 2548 1848 quod
2602 1786 2887 1850 acceperat
2945 1779 3206 1847 servavit,
3257 1781 3663 1856 adventumque
3692 1797 3801 1839 eo-

2191 1883 2330 1936 rum,
2379 1867 2526 1938 quod
2569 1867 2748 1924 adhuc
2789 1876 2988 1940 potest,
3049 1871 3380 1941 expectavit,
3431 1879 3484 1926 et
3527 1871 3598 1926 ita
3647 1872 3801 1928 bono

2186 1955 2411 2028 ingenio
2442 1956 2638 2013 vetulae
2667 1956 2880 2012 reddita
2907 1957 3006 2012 fuit
3033 1958 3146 2014 viro
3177 1975 3386 2014 summa
3416 1960 3682 2032 pecuniae.

2259 2051 2622 2122 Discipulus:
2669 2053 2823 2109 Istud
2872 2054 3068 2109 mirum
3139 2055 3238 2111 fuit
3295 2057 3574 2130 ingenium
3626 2067 3797 2129 atque

2189 2140 2353 2210 utile;
2386 2157 2490 2197 nec
2529 2149 2658 2212 puto
2705 2141 2855 2213 quod
2901 2142 3101 2216 aliquis
3145 2144 3502 2218 philosophus
3532 2147 3792 2204 subtilius

2189 2230 2453 2300 cogitaret
2483 2246 2584 2301 per
2613 2233 2758 2302 quod
2786 2231 2963 2288 levius
2995 2232 3077 2288 vir
3106 2249 3261 2288 suam
3303 2235 3597 2306 pecuniam
3631 2253 3799 2292 recu-

2185 2333 2431 2398 peraret.
2487 2327 2782 2399 Magister:
2847 2331 2989 2386 Bene
3052 2341 3243 2402 posset
3290 2332 3647 2406 philosophus
3694 2350 3798 2390 suo

2185 2415 2368 2472 facere
2387 2416 2621 2472 naturali
2643 2416 2888 2490 ingenio.
2919 2417 3229 2491 Discipulos
3251 2440 3262 2475 :
3299 2421 3414 2478 Hoc
3431 2422 3570 2479 bene
3587 2423 3758 2480 credo
3779 2440 3795 2486 ;

2185 2513 2284 2569 sed
2313 2513 2359 2568 si
2387 2511 2627 2587 aliquem
2658 2513 3107 2588 philosophorum
3132 2517 3289 2587 hujus
3321 2518 3467 2574 modi
3499 2519 3790 2592 reposuisti

2181 2601 2238 2657 in
2267 2603 2450 2659 cordis
2478 2602 2765 2670 amariolo,
2798 2603 3005 2678 largire
3037 2605 3168 2661 mihi
3197 2607 3492 2679 discipulo,
3519 2617 3570 2664 et
3591 2623 3696 2680 ego
3728 2608 3789 2662 ii-

2183 2691 2292 2746 deli
2313 2691 2589 2749 memoria:
2607 2691 3027 2761 commendabo,
3052 2702 3116 2750 ut
3133 2696 3460 2769 quandoque
3498 2695 3783 2768 discipulis

2182 2779 2323 2836 lacte
2377 2780 2736 2853 philosOphiae
2794 2781 3041 2839 educatis
3098 2783 3544 2841 delicatissimum
3594 2785 3788 2858 largiri

2185 2869 2393 2941 possim
2423 2869 2758 2926 alimentum.
2797 2871 3090 2944 Magister.

2763 2995 3034 3054 FABULA
3074 2997 3220 3056 XIV.

2256 3119 2493 3191 Contigit
2511 3121 2655 3193 quod
2679 3121 2896 3193 quidam
2921 3123 3085 3179 homo
3114 3123 3304 3179 habuit
3337 3123 3512 3180 ﬁlium
3543 3123 3628 3182 cui
3661 3132 3786 3196 post

2193 3215 2427 3264 mortem
2459 3225 2614 3265 suam
2637 3209 2768 3265 nihil
2798 3220 3001 3283 praeter
3014 3212 3236 3269 domum
3265 3213 3490 3269 dimisit.
3523 3215 3632 3270 [ste
3658 3230 3781 3270 cum

2186 3313 2387 3369 magno
2428 3298 2618 3355 labore
2655 3301 2869 3367 corpori
2916 3316 3017 3357 suo
3061 3303 3158 3357 vix
3209 3302 3373 3358 etiam
3417 3318 3540 3376 quas
3589 3309 3783 3358 natura

2187 3387 2361 3460 exigit
2406 3388 2802 3460 suppeditabat,
2853 3398 2907 3445 et
2946 3399 3130 3447 tamen
3174 3390 3397 3447 domum
3449 3407 3621 3460 suam,
3656 3389 3782 3448 licet

2189 3500 2388 3556 magna
2431 3494 2651 3542 coactus
2696 3487 2896 3558 inedia,
2951 3489 3197 3546 vendere
3238 3489 3484 3546 nolebat.
3536 3489 3783 3546 Habebat

2187 3582 2368 3630 autem
2401 3590 2540 3646 puer
2579 3575 2681 3632 iste
2726 3577 3018 3649 quemdam
3078 3577 3315 3634 vicinum
3358 3578 3523 3634 valde
3561 3577 3778 3634 divitem

2189 3663 2281 3737 qui
2309 3664 2532 3720 domum
2555 3681 2741 3721 emere
2757 3666 3008 3738 cupiebat
3033 3675 3092 3722 ut
3121 3683 3276 3722 suam
3298 3667 3598 3740 largiorem
3629 3667 3777 3723 face-

2188 3760 2286 3808 ret.
2321 3752 2471 3809 Puer
2497 3760 2677 3810 autem
2709 3769 2811 3811 nec
2831 3770 3013 3826 prece,
3039 3771 3141 3812 nec
3168 3756 3346 3827 pretio
3367 3755 3604 3812 vendere
3631 3755 3778 3812 vole-

2189 3842 2300 3896 bat.
2363 3840 2523 3910 Quod
2573 3849 2864 3916 postquam
2923 3844 3025 3900 iste
3071 3844 3226 3900 dives
3269 3843 3542 3916 comperit
3586 3844 3776 3915 quibus

2187 3929 2422 4002 ingeniis
2451 3936 2508 3988 et
2533 3931 2731 4004 quibus
2750 3932 2962 3988 artibus
2981 3948 3152 4004 puero
3181 3933 3527 3990 subtraheret
3557 3933 3769 3989 domum

2187 4019 2498 4091 cogitabat;
2545 4021 2615 4076 ad
2639 4021 2853 4090 juvenis
2893 4023 3194 4078 secundum
3225 4038 3388 4095 posse
3419 4039 3587 4079 suum
3620 4021 3777 4078 fami-

2184 4116 2468 4175 liaritatem
2497 4119 2612 4188 ejus
2639 4119 2915 4175 devitavit.
2955 4119 3202 4194 Denique
3240 4119 3590 4176 contristatus
3620 4119 3764 4176 dives

2187 4205 2280 4262 ille
2307 4221 2475 4264 causa
2505 4205 2702 4264 domus
2729 4212 2784 4265 et
2812 4208 2959 4282 quod
2997 4225 3113 4266 non
3147 4217 3339 4282 posset
3368 4225 3598 4282 puerum
3627 4207 3773 4265 deci-

2188 4310 2338 4367 pere,
2370 4295 2607 4368 quadam
2638 4296 2727 4352 die
2758 4299 2905 4353 venit
2933 4298 3004 4353 ad
3052 4314 3281 4370 puerum
3311 4305 3365 4354 et
3393 4298 3570 4370 inquit
3597 4297 3647 4353 ei
3678 4317 3688 4352 :
3729 4295 3772 4352 Ο

2187 4401 2346 4456 puer,
2379 4386 2739 4442 accommoda
2787 4385 2919 4442 mihi
2943 4394 3155 4459 partem
3203 4403 3431 4460 parvam
3480 4395 3586 4442 ture
3619 4385 3773 4443 curia:

2189 4473 2383 4545 pretio,
2416 4475 2672 4546 quoniam
2700 4475 2755 4531 in
2775 4492 2841 4532 ea
2861 4475 2964 4532 sub
3000 4484 3142 4533 terra
3176 4475 3370 4533 decem
3398 4475 3630 4532 tonellos
3655 4492 3764 4530 cum

2112 4571 2165 4632 Β
2195 4561 2318 4619 oleo
2347 4563 2627 4620 custodire
2655 4564 2799 4632 volo,
2824 4568 2879 4621 et
2898 4563 3031 4620 nihil
3061 4565 3158 4620 tibi
3178 4565 3470 4632 nocebunt,
3492 4563 3590 4620 sed
3609 4564 3769 4619 habe-

2187 4651 2270 4707 bis
2299 4651 2426 4708 inde
2455 4652 2676 4726 aliquod
2707 4661 3191 4710 sustentamentum
3221 4653 3364 4710 vitae.
3415 4653 3564 4708 Puer
3593 4659 3763 4708 autem

2182 4757 2406 4806 coactus
2427 4750 2756 4807 necessitate
2777 4750 3114 4808 concessitet
3128 4750 3279 4808 dedit
3299 4750 3349 4806 ei
3370 4748 3556 4805 claves
3577 4748 3768 4804 domus

2181 4839 2406 4895 Juvenis
2450 4854 2580 4896 vero
2621 4839 2817 4897 iterum
2857 4855 3011 4897 more
3061 4839 3228 4896 solito
3275 4837 3460 4896 liberis
3489 4836 3765 4894 liberaliter

2182 4927 2437 4984 serviens
2465 4927 2666 4986 victum
2693 4928 3038 5003 perquisivit.
3069 4932 3136 4984 At
3159 4929 3318 4985 dives
3345 4929 3510 4983 homo
3539 4925 3764 4997 acceptis

2183 5016 2425 5074 clavibus
2444 5018 2648 5075 curiam
2659 5018 2879 5087 juvenis
2900 5016 3219 5086 suffodiens,
3257 5017 3492 5089 quinque
3522 5013 3763 5071 tonellos.

2183 5105 2377 5178 plenos
2404 5105 2526 5163 oleo
2556 5105 2631 5162 ibi
2660 5105 2965 5163 recondidit
2984 5113 3038 5162 et
3057 5103 3649 5178 quinque’dimidios,et
3675 5102 3768 5158 hoc

2183 5195 2328 5252 facto
2340 5196 2596 5265 juvenem
2617 5195 2900 5252 advocavit
2915 5192 3212 5266 clavesque
3232 5193 3424 5248 domus
3445 5191 3519 5247 illi
3536 5191 3766 5248 tribuens

2184 5284 2393 5357 inquit:
2426 5284 2472 5340 Ο
2495 5284 2730 5353 juvenis,
2764 5284 2945 5342 oleum
2975 5298 3157 5340 meum
3187 5281 3287 5337 tibi
3315 5281 3596 5338 committo
3641 5287 3690 5336 et
3715 5278 3762 5334 in

2185 5381 2274 5430 tua
2301 5373 2549 5430 custodia
2575 5374 2762 5430 trado.
2797 5373 3024 5430 Juvenis
3071 5371 3305 5443 simplex
3350 5377 3545 5442 putans
3591 5383 3763 5425 omnes

2184 5462 2417 5519 tonellos
2453 5479 2582 5519 esse
2623 5462 2847 5535 plenos,
2898 5461 2958 5518 in
2997 5460 3246 5518 custodia
3274 5459 3500 5530 recepit.
3547 5459 3614 5514 At
3657 5465 3763 5529 post

2184 5559 2408 5635 longum
2443 5569 2658 5633 tempus
2707 5559 2938 5634 contigit
2985 5559 3134 5634 quod
3176 5559 3232 5614 in
3277 5566 3423 5614 terra
3469 5556 3560 5612 illa
3599 5555 3760 5612 oleum

2183 5663 2375 5706 carum
2423 5648 2546 5705 fuit.
2601 5648 2766 5706 Dives
2806 5649 2924 5706 haec
2969 5647 3200 5705 audiens
3239 5661 3416 5718 puero
3461 5644 3632 5717 inquit
3664 5663 3675 5699 :
3717 5642 3760 5700 0

2182 5745 2378 5814 amice,
2408 5745 2535 5804 veni
2553 5753 2604 5804 et
2621 5746 2751 5817 juva
2770 5759 2861 5802 me
2879 5744 3063 5802 oleum
3083 5742 3330 5802 effodere
3349 5740 3497 5816 quod
3516 5749 3619 5797 tuae
3641 5739 3761 5809 jam-

2182 5844 2391 5906 dudum
2420 5843 2673 5903 mandavi
2701 5842 2985 5914 custodias,
3018 5850 3070 5902 et
3096 5840 3307 5900 laboris
3337 5837 3619 5918 praemium
3645 5837 3760 5897 acci-
