3966 6446
221 453 301 516 ⁸⁸9
1525 483 1920 543 DlSCIPLlNA
1959 486 2363 545 CLERICALIS

3504 493 3608 550 690

227 586 328 688 llic}
355 602 411 651 et
441 603 704 662 tutela.
747 609 1003 667 Iuvenis
1029 609 1212 666 audita
1240 623 1405 682 prece
1435 624 1560 666 cum
1610 611 1784 682 pretio
1820 611 1906 666 di-
1938 612 1995 674 Α
2024 613 2242 670 nomine
2255 613 2536 670 Auxilium
2551 613 3125 674 miserorum.lterum
3143 615 3442 688 discipulus
3464 633 3476 671 :
3496 617 3615 673 Etsi

236 679 318 739 viti
347 694 672 753 concessit
694 706 772 754 ut
808 701 1120 757 secundum
1149 679 1312 772 posse
1343 715 1500 755 suum
1533 679 1654 756 eum
1677 701 1906 770 juvaret.

243 780 404 842 Dives
433 805 564 847 non
596 795 844 854 oblitus
876 814 993 854 sua:
1020 797 1230 852 fraudis
1270 797 1639 869 nequissimae,
1686 798 1911 854 adduxit

252 874 518 935 homines
540 891 611 938 ut
643 885 860 941 oleum
886 892 1149 942 emerent.
1177 885 1387 954 Quibus
1405 886 1672 953 adductis,
1706 894 1909 942 terram

265 980 620 1038 aperuerunt
651 983 713 1029 et
746 975 1004 1048 quinque
1046 974 1239 1046 plenos
1288 974 1523 1030 tonellos
1571 983 1624 1030 et
1672 976 1910 1048 quinque

279 1064 542 1125 dimidios
574 1070 950 1127 invenerunt.
981 1071 1261 1143 Perceptis
1289 1071 1488 1127 talibus
1517 1072 1745 1128 vocavit
1772 1089 1910 1144 pue-

280 1173 402 1213 rum
432 1157 507 1213 ita
539 1158 827 1216 dicendo:
864 1161 1068 1225 Amice,
1101 1175 1269 1216 causa
1297 1168 1402 1216 tua:
1445 1160 1704 1216 custodiae
1750 1163 1906 1218 amisi

292 1249 472 1303 oleum
496 1264 512 1319 ;
544 1249 784 1321 insuper
814 1249 963 1321 quod
993 1249 1088 1304 tibi
1119 1248 1368 1305 commisi
1397 1249 1770 1306 fraudulenter
1785 1251 1908 1306 abs-

289 1345 484 1414 tulisti,
514 1354 860 1419 quapropter
889 1345 1016 1402 volo
1046 1353 1105 1401 ut
1132 1345 1265 1400 mihi
1312 1361 1437 1400 mea
1481 1347 1760 1402 restituas.
1811 1348 1906 1402 llis

285 1443 456 1498 dictis
483 1460 608 1500 eum
639 1443 788 1515 cepit
807 1451 865 1499 et
881 1443 1045 1498 vellet
1076 1441 1247 1499 nollet
1265 1441 1337 1498 ad
1356 1441 1622 1512 justitiam
1652 1441 1901 1499 deduxit.

275 1533 511 1588 Justitia
538 1549 662 1588 eum
679 1533 884 1588 videns
905 1531 1302 1600 accusavit,sed
1319 1531 1538 1600 juvenis
1554 1531 1688 1603 quid
1710 1539 1904 1586 contra

283 1621 516 1678 diceret
543 1621 798 1688 nescivit,
829 1628 1072 1677 attamen
1099 1620 1350 1677 inducias
1381 1619 1540 1676 unius
1589 1619 1698 1676 diei
1745 1636 1900 1693 quaa-

272 1720 438 1786 sivit,
473 1719 619 1792 quod
641 1719 879 1788 justitia,
909 1719 1034 1791 quia
1051 1719 1259 1788 justum
1287 1725 1431 1786 erat,
1479 1718 1784 1775 concessit.
1840 1720 1902 1774 In

265 1810 510 1866 civitate
547 1817 729 1865 antem
773 1809 870 1864 illa
917 1808 1232 1864 morabatur
1273 1807 1494 1879 quidam
1541 1807 1899 1879 philosophus

264 1900 376 1968 qui
408 1897 907 1970 cognominabatur
931 1897 1208 1954 Auxilium
1235 1897 1534 1970 egentium,
1573 1896 1747 1952 bonus
1791 1898 1896 1953 ho-

255 2011 372 2052 mo
406 2003 463 2051 et
491 1968 808 2066 religiosus.
835 1994 1059 2050 Iuvenis
1086 1968 1557 2050 audito'bonitatis
1585 1993 1884 2066 illiuspm-
1910 1968 1966 2032 Β

257 2085 453 2140 conio
483 2085 726 2155 perrexit
754 2084 826 2140 ad
856 2099 1002 2153 eum,
1034 2082 1397 2156 quaesivitque
1425 2082 1495 2137 ab
1516 2097 1582 2138 eo
1597 2083 1888 2139 consilium

258 2174 521 2230 dicens:
554 2173 613 2229 Si
639 2188 772 2229 vera
800 2180 930 2228 sunt
957 2189 1082 2245 quae
1127 2172 1198 2228 de
1243 2179 1295 2228 te
1343 2172 1472 2227 mihi
1520 2172 1886 2228 referentibus

255 2270 477 2326 multis
506 2269 650 2326 dicta
680 2276 806 2326 sunt
828 2285 982 2326 more
999 2267 1323 2333 domestico,
1344 2267 1428 2324 fer
1447 2269 1578 2324 mihi
1605 2269 1882 2339 auxilium,

257 2359 491 2414 etenim
523 2358 722 2426 injuste
771 2374 1022 2414 accusor.
1081 2356 1444 2428 Philosophus
1495 2357 1678 2412 audita
1723 2373 1885 2428 prece

250 2449 502 2516 juvenis
531 2446 897 2518 interrogavit
923 2447 968 2501 si
991 2446 1142 2516 juste
1180 2445 1268 2501 vel
1315 2445 1521 2518 injuste
1561 2454 1886 2504 accusarent

260 2563 410 2601 eum
425 2587 439 2600 .
477 2545 710 2600 Juvenis
739 2559 873 2600 vero
890 2544 1036 2613 quod
1056 2543 1252 2613 injuste
1273 2552 1630 2600 accusaretur
1650 2543 1886 2598 firmavit

263 2640 665 2690 sacramento.
698 2632 910 2687 Audita
937 2632 1014 2687 rei
1045 2632 1272 2688 veritate
1299 2631 1659 2702 philosophus
1685 2632 1884 2702 pietate

266 2730 603 2778 commotus
625 2721 736 2777 ait:
762 2721 1072 2778 Auxilianle
1101 2723 1219 2776 Deo
1248 2719 1417 2775 feram
1448 2721 1544 2775 tibi
1573 2720 1832 2776 auxilium
1867 2735 1882 2790 ;

265 2820 382 2876 sed
414 2819 567 2876 sicut
595 2835 629 2874 a
653 2819 866 2888 justitia
908 2824 1221 2890 respectum
1263 2834 1448 2889 usque
1486 2817 1540 2872 in
1587 2818 1882 2874 crastinam

266 2909 430 2964 diem
459 2907 743 2978 accepisti,
771 2907 885 2962 noli
911 2907 1182 2963 dimittere
1203 2907 1333 2978 quin
1363 2923 1458 2961 eas
1488 2907 1557 2962 ad
1599 2906 1881 2977 placitum,

268 3012 380 3053 ero
409 2997 512 3052 tibi
541 3005 768 3068 paratus
787 3011 1116 3053 succurrere
1141 3005 1246 3052 tute
1275 2995 1483 3052 veritati
1501 3004 1664 3068 atque
1693 3011 1884 3052 eorum

271 3111 494 3151 nocere
514 3094 756 3150 falsitati.
779 3094 1004 3150 Juvenis
1019 3107 1198 3150 autem
1219 3095 1366 3166 quod
1381 3095 1739 3166 philosOphus
1759 3112 1884 3151 eum

263 3185 517 3253 iusserat
549 3183 684 3256 egit.
717 3185 874 3238 Mane
893 3190 1074 3240 autem
1113 3183 1280 3247 facto,
1326 3183 1476 3240 venit
1523 3184 1884 3255 philosophus

269 3272 346 3327 ad
372 3273 669 3341 justitiam,
699 3287 864 3345 quem
894 3280 1186 3350 postquam
1210 3271 1342 3327 vidit
1361 3273 1566 3342 justitia
1587 3282 1646 3327 ut
1669 3273 1883 3344 sapien-

269 3379 391 3427 tem
422 3379 481 3425 et
507 3369 896 3441 philosophum
937 3370 1168 3433 vocavit,
1213 3378 1575 3441 vocatumque
1624 3371 1778 3439 juxta
1823 3385 1884 3424 sa

274 3460 486 3515 sedere
516 3458 801 3515 fecitJnde
824 3457 1026 3526 justitia
1051 3457 1266 3513 vocavit
1281 3467 1612 3514 accusantes
1642 3467 1695 3513 et
1714 3474 1882 3513 accu-

275 3557 468 3604 satum
503 3592 516 3613 ,
557 3549 930 3621 praecepitque
985 3547 1132 3620 quod
1188 3562 1412 3602 suorum
1467 3546 1884 3602 recordarentur

274 3647 614 3717 placitorum
645 3653 695 3701 et
743 3646 820 3701 ita
877 3644 1140 3701 fecerunt.
1201 3644 1315 3698 Illis
1373 3660 1504 3700 vero
1557 3643 1880 3709 astantibus,

270 3736 500 3806 justitia
527 3735 599 3789 ait
628 3734 956 3806 philosopho
984 3733 1129 3805 quod
1159 3748 1354 3788 causas
1395 3733 1613 3788 audiret
1660 3739 1714 3788 et
1755 3733 1882 3787 inde

271 3823 553 3889 judicium
582 3823 811 3878 faceret.
844 3823 978 3878 Inde
998 3821 1361 3894 philosOphus
1387 3839 1400 3877 :
1433 3821 1693 3891 Praecipe,
1713 3820 1879 3890 justi-

277 3925 379 3990 tia,
423 3921 628 3977 clarum
661 3920 843 3976 oleum
873 3920 942 3975 de
973 3920 1214 3992 quinque
1243 3920 1457 3976 tonellis
1501 3919 1677 3990 plenis
1722 3935 1883 3973 men-

279 4010 486 4076 surari,
517 4018 570 4065 et
601 4009 746 4066 scias
775 4018 1036 4081 quantum
1067 4009 1137 4064 sit
1164 4009 1261 4064 tibi
1290 4008 1426 4066 clari
1455 4009 1581 4075 olei,
1627 4016 1681 4064 et
1727 4009 1882 4062 simi-

279 4099 413 4154 liter
441 4099 512 4154 de
539 4098 778 4170 quinque
804 4097 1069 4162 dimidiis,
1102 4105 1155 4152 et
1185 4098 1329 4154 scias
1358 4106 1613 4168 quantum
1645 4096 1716 4152 ibi
1754 4098 1882 4154 clari

276 4194 392 4250 olei
423 4196 608 4249 fuerit.
641 4195 852 4250 Deinde
881 4195 1116 4266 spissum
1147 4195 1325 4250 oleum
1355 4195 1423 4249 de
1449 4194 1687 4266 quinque
1707 4193 1884 4265 plenis

275 4285 507 4340 tonellis
535 4284 604 4338 sit
634 4291 968 4338 mesuratum
999 4288 1050 4338 et
1082 4284 1224 4340 scias
1266 4291 1520 4354 quantum
1566 4283 1727 4352 spissi
1775 4283 1882 4340 olei

278 4373 338 4428 in
374 4372 456 4428 eis
489 4371 575 4438 sit,
607 4379 661 4427 et
692 4371 943 4426 similiter
986 4372 1056 4427 de
1115 4372 1354 4444 quinque
1411 4370 1650 4426 dimidiis
1715 4369 1885 4425 facias

275 4470 614 4535 mensurari,
647 4479 701 4526 et
727 4469 868 4526 scias
899 4478 1154 4541 quantum
1187 4468 1357 4540 spissi
1405 4469 1512 4524 olei
1563 4468 1727 4525 fuerit
1754 4469 1836 4523 ibi
1867 4488 1881 4534 ;

276 4569 335 4614 et
370 4561 415 4614 si
443 4568 648 4614 tantum
677 4558 838 4630 spissi
868 4558 975 4613 olei
1004 4558 1279 4614 inveneris
1309 4558 1362 4612 in
1391 4557 1632 4612 dimidiis
1671 4557 1886 4613 tonellis

275 4657 546 4720 quantum
569 4648 622 4702 in
651 4647 850 4718 plenis,
882 4648 1023 4702 scias
1052 4646 1230 4703 oleum
1252 4646 1417 4701 fuisse
1449 4645 1703 4700 furatum.
1738 4648 1798 4701 Et
1824 4645 1869 4701 si
1906 4677 1960 4737 D

274 4747 337 4799 in
370 4744 611 4800 dimidiis
641 4742 854 4800 tonellis
885 4743 1160 4799 inveneris
1189 4742 1352 4798 talem
1384 4751 1591 4812 partem
1621 4742 1876 4813 spissitu-

274 4833 428 4888 dinis
453 4833 670 4904 qualem
700 4835 882 4888 oleum
913 4832 1124 4888 clarum
1153 4831 1231 4885 ibi
1252 4831 1494 4886 existens
1535 4822 1702 4904 exigit
1731 4831 1878 4902 quod

278 4921 503 4993 quidem
536 4930 588 4977 et
618 4921 673 4976 in
705 4921 881 4993 plenis
913 4920 1129 4976 tonellis
1158 4919 1410 4975 invenire
1454 4919 1684 4990 poteris,
1734 4920 1876 4975 scias

274 5019 461 5073 oleum
492 5034 600 5075 non
631 5017 801 5073 fuisse
829 5016 1082 5074 furatum.
1117 5016 1466 5072 Justitiahmc
1488 5015 1716 5072 audiens
1739 5032 1875 5073 con-

276 5106 514 5163 firmavit
536 5107 829 5179 judicium,
863 5106 1174 5179 factumque
1202 5115 1284 5162 est
1311 5106 1401 5171 ita,
1452 5115 1507 5161 et
1554 5108 1656 5162 hoc
1713 5106 1876 5161 modo

271 5204 496 5274 juvenis
524 5204 701 5259 evasit
731 5219 896 5258 sensu
924 5203 1255 5273 philOSOphi.
1288 5202 1477 5258 Finitis
1521 5204 1738 5274 placitis
1784 5204 1877 5273 ju-

279 5293 434 5350 venis
444 5293 779 5366 philosopho
805 5299 994 5363 grates
1022 5291 1274 5346 reddidit.
1309 5291 1460 5346 Tunc
1506 5292 1877 5362 phil050phus

277 5395 348 5450 ait
376 5395 453 5450 illi
488 5395 907 5464 :Nunquamne
934 5391 1065 5446 illud
1087 5391 1400 5462 philosOphi
1447 5391 1650 5447 audisti
1681 5393 1708 5445 ‘i
1753 5392 1877 5448 Non

274 5499 425 5542 emas
453 5485 686 5540 domum
717 5486 1008 5551 antequam
1036 5495 1346 5551 cognoscas
1375 5480 1630 5536 vicinum.
1664 5481 1743 5534 Ad
1775 5481 1877 5536 hoc

260 5575 486 5648 juvenis
521 5593 533 5629 :
573 5570 822 5626 Primum
852 5567 1142 5622 habuimus
1169 5569 1390 5623 domum
1421 5577 1711 5639 antequam
1723 5569 1874 5637 juxta

259 5691 361 5734 nos
396 5669 806 5744 hospitaretur.
840 5664 939 5719 Cui
967 5664 1365 5734 philosOphus:
1404 5664 1640 5720 Primum
1671 5667 1876 5721 vendas

253 5782 414 5844 quam
449 5767 693 5819 maneas
719 5753 873 5821 juxta
907 5751 1111 5807 malum
1142 5752 1404 5808 vicinum.

313 5865 664 5943 Discipulus
695 5880 722 5948 ε.
741 5856 870 5913 Tale
893 5856 1160 5948 judicium
1182 5865 1411 5929 apparet
1457 5875 1580 5915 esse
1624 5859 1873 5932 philoso-

240 5979 351 6057 phi,
377 5981 435 6032 et
470 5970 592 6024 hoc
624 5946 722 6015 est
746 5947 928 6027 gratia
952 5946 1081 6013 Dei.
1132 5949 1328 6012 Merito
1373 5965 1598 6014 vocatus
1645 5965 1727 6014 est
1766 5957 1874 6014 hoc

2015 702 2127 772 jam
2157 703 2345 760 audita
2372 711 2554 760 mente
2585 705 2908 773 sedeant,ad
2938 705 3269 761 audiendum
3297 707 3456 776 plura
3478 704 3613 762 inci-

2019 807 2162 854 tant.
2199 797 2466 872 Magister
2495 799 2708 874 inquit:
2740 799 2994 858 Libenter
3035 800 3133 859 tibi
3183 800 3386 869 dicam,
3440 810 3493 859 et
3535 801 3615 864 sic

2021 887 2191 961 inquit
2225 908 2235 943 :

2601 1068 2872 1124 FABULA
2914 1071 3031 1126 XV.

2089 1225 2301 1281 Dictum
2332 1224 2430 1280 fuit
2455 1225 2525 1282 de
2556 1227 2794 1299 quodam
2823 1229 2989 1284 divite
3019 1229 3073 1284 in
3112 1229 3392 1286 civitatem
3444 1239 3611 1289 eunte

2017 1313 2167 1384 quod
2195 1313 2482 1370 sacculum
2513 1331 2637 1371 cum
2664 1316 2815 1372 mille
2855 1317 3072 1373 talentis
3117 1317 3357 1374 deferret
3399 1335 3606 1386 secum,

2015 1411 2070 1456 et
2097 1402 2322 1474 insuper
2349 1417 2579 1460 aureum
2611 1414 2918 1477 serpentem
2949 1407 3138 1462 oculos
3186 1408 3476 1464 habentem
3519 1411 3609 1478 ja-

2013 1489 2283 1546 cinctinos
2313 1491 2366 1546 in
2389 1492 2605 1549 sacculo
2629 1493 2846 1555 eodem.
2880 1496 3027 1566 quod
3057 1504 3224 1550 totum
3257 1497 3417 1551 simul
3457 1503 3602 1552 ami-

2012 1579 2099 1633 sit.
2133 1577 2367 1648 Quidam
2398 1596 2532 1637 vero
2556 1597 2761 1653 pauper
2791 1583 2890 1638 iter
2917 1583 3120 1640 faciens
3149 1585 3372 1653 invenit,
3420 1587 3605 1642 dedit-

2009 1682 2113 1737 que
2140 1668 2294 1722 uxori
2323 1684 2460 1730 suae.
2490 1678 2545 1725 et
2565 1671 2838 1742 quomodo
2858 1672 3156 1728 invenisset
3183 1674 3385 1730 retulit.
3409 1675 3604 1730 Mulier

2007 1756 2116 1813 hoc
2144 1757 2379 1812 audiens
2407 1758 2483 1812 ait
2518 1778 2529 1813 :
2564 1758 2722 1828 Quod
2737 1761 2882 1815 Dens
2898 1760 3050 1816 dedit
3068 1763 3459 1818 custodiamus.
3478 1764 3599 1819 Alia

2005 1843 2093 1900 die
2121 1861 2219 1916 per
2249 1845 2390 1900 viam
2438 1862 2624 1917 praeco
2679 1848 2756 1903 ita
2809 1848 3098 1906 clamando
3147 1851 3431 1922 perrexit:
3491 1851 3597 1921 Qui

2005 1932 2166 1988 talem
2196 1948 2424 1990 censum
2452 1935 2658 1991 invenit
2687 1937 2899 2004 reddat,
2934 1942 2990 1993 et
3017 1938 3227 2010 absque
3253 1939 3444 2012 aliquo
3471 1956 3599 2012 pec-

1996 2037 2121 2087 cato
2161 2039 2378 2088 centum
2409 2032 2613 2088 talenta
2642 2033 2770 2089 inde
2799 2035 3009 2090 habeat.
3059 2037 3186 2092 Haec
3227 2037 3457 2094 audiens
3504 2039 3593 2094 in-

1995 2137 2186 2186 ventor
2213 2146 2430 2197 census,
2463 2132 2596 2187 dixit
2639 2133 2791 2190 uxori
2826 2152 2837 2186 :
2892 2133 3202 2191 Reddamus
3251 2151 3474 2192 censum
3533 2146 3587 2193 et

1995 2219 2201 2290 absque
2231 2229 2458 2291 peccato
2487 2229 2710 2277 centum
2742 2222 2940 2278 talenta
2964 2223 3090 2279 inde
3117 2225 3435 2281 habeamus.
3455 2227 3588 2281 Inde

1994 2307 2189 2362 mulier
2217 2307 2338 2363 ait:
2370 2309 2426 2365 Si
2457 2310 2603 2365 Deus
2652 2311 2800 2365 illum
2861 2312 3127 2368 voluisset
3173 2315 3315 2370 hunc
3361 2329 3585 2370 censum

1993 2396 2214 2462 habere,
2242 2413 2348 2453 non
2379 2399 2683 2464 amisisset;
2714 2401 2859 2471 quod
2883 2399 3032 2456 Deus
3062 2402 3283 2457 donavit
3303 2403 3585 2459 custodia-

1993 2500 2146 2538 mus.
2187 2487 2440 2542 Inventor
2468 2503 2668 2543 census
2699 2496 2760 2543 ut
2786 2489 3110 2544 redderetur
3147 2490 3481 2558 elaboravit,
3530 2500 3584 2549 at

1992 2572 2114 2643 ipsa
2138 2573 2366 2629 omnino
2395 2574 2726 2647 denegabat,
2766 2586 2821 2630 et
2851 2584 3032 2632 tamen
3064 2577 3225 2633 vellet
3251 2579 3420 2634 nollet
3461 2596 3586 2635 mu-

1992 2660 2110 2726 lier,
2143 2661 2395 2717 dominus
2424 2664 2606 2718 reddit
2631 2671 2684 2719 et
2712 2664 2859 2736 quod
2888 2681 3068 2736 praeco
3118 2666 3442 2737 pnbmiserat
3479 2683 3587 2723 ex-

1991 2750 2161 2821 petiit.
2189 2751 2353 2806 Dives
2374 2759 2555 2806 autem
2576 2751 2772 2824 plenus
2793 2753 3047 2826 nequitiae
3071 2756 3145 2810 ait
3169 2775 3180 2809 :
3216 2755 3404 2812 Adhuc
3423 2755 3590 2812 alium

1991 2847 2302 2909 serpentem
2331 2839 2466 2894 mihi
2497 2840 2694 2896 deesse
2722 2841 2928 2897 sciatis.
2959 2843 3076 2898 Hoc
3096 2859 3260 2913 prava
3291 2843 3592 2901 intentione

1992 2926 2208 2983 dicebat
2239 2936 2294 2982 ut
2321 2927 2552 2999 pauperi
2585 2928 2790 2984 homini
2821 2929 3020 2985 talenta
3051 2947 3158 2986 non
3185 2931 3442 2989 redderet
3461 2949 3592 3005 pro-

1991 3026 2160 3082 missa
2185 3042 2198 3095 ;
2229 3043 2436 3098 pauper
2467 3043 2598 3083 vero
2627 3044 2686 3083 se
2717 3028 2850 3084 nihil
2879 3029 3114 3100 amplius
3141 3030 3416 3088 invenisse
3435 3032 3591 3089 dice-

1995 3115 2110 3171 bat.
2150 3118 2218 3170 At
2242 3115 2492 3172 homines
2521 3117 2761 3172 civitatis
2788 3117 2934 3173 illius
2963 3118 3122 3173 diviti
3154 3119 3398 3176 faventes
3446 3136 3594 3192 pau-

1991 3203 2109 3274 peri
2130 3203 2461 3275 derogantes
2483 3203 2821 3260 inexorabile
2841 3212 3032 3261 contra
3045 3205 3318 3262 fortunam
3329 3208 3594 3278 pauperis

1990 3293 2173 3347 odium
2203 3300 2484 3364 gerentes,
2517 3293 2665 3346 illum
2697 3294 2768 3348 ad
2817 3293 3087 3362 justitiam
3135 3305 3588 3365 provocaverunt.

1994 3382 2206 3452 Pauper
2233 3387 2434 3448 autem,
2467 3388 2522 3434 ut
2549 3397 2718 3452 supra
2737 3383 2943 3438 dictum
2973 3390 3075 3449 est,
3107 3398 3166 3438 se
3195 3383 3326 3438 nihil
3355 3383 3592 3454 amplius

1991 3469 2266 3525 invenisse
2311 3469 2552 3525 dicebat.
2621 3469 2729 3525 Sed
2785 3470 2913 3525 dum
2970 3486 3150 3526 sermo
3205 3471 3594 3540 hujuscemodi

1992 3574 2293 3629 pauperum
2323 3558 2658 3630 divitumque
2688 3575 2786 3630 per
2814 3574 2914 3614 ora
2941 3559 3280 3615 discurreret
3326 3560 3589 3615 ministris

1993 3646 2357 3702 referentibus
2385 3646 2603 3702 tandem
2633 3647 2902 3718 percussit
2931 3662 3024 3703 ora
3045 3648 3213 3718 regis.
3246 3647 3407 3716 Quod
3427 3648 3590 3703 simul

1990 3734 2192 3788 audivit
2213 3734 2442 3788 divitem
2473 3747 2528 3789 et
2557 3751 2852 3807 pauperem
2883 3743 2936 3791 et
2962 3735 3252 3806 pecuniam
3291 3737 3394 3792 sibi
3440 3752 3589 3808 prte-

1991 3822 2199 3876 sentari
2244 3823 2522 3893 praecepit.
2586 3823 2844 3880 Adductis
2894 3824 3168 3890 omnibus,
3209 3823 3589 3896 philosophum

1991 3910 2194 3966 scilicet
2229 3911 2504 3965 Auxilium
2535 3911 2864 3967 miserorum
2908 3927 3038 3968 cum
3084 3912 3206 3967 aliis
3253 3913 3589 3984 sapientibus

1990 3999 2057 4052 ad
2089 4015 2148 4054 se
2180 4000 2412 4066 vocarit,
2443 3999 2631 4072 eisque
2660 4001 2993 4056 accusatoris
3023 4017 3212 4056 vocem
3252 4009 3306 4056 et
3352 4001 3587 4056 accusati

1992 4087 2184 4143 audire
2204 4095 2256 4143 et
2273 4089 2516 4144 enodare
2528 4088 3175 4160 przecepit.Philosopbus
3197 4091 3312 4145 haec
3334 4089 3586 4154 audiens,

1992 4184 2296 4232 commotus
2326 4176 2528 4247 pietate
2559 4177 2818 4248 pauperis
2847 4177 2918 4232 ait
2951 4197 2963 4232 :
3016 4177 3330 4233 Auxiliante
3372 4178 3486 4234 Deo
3537 4187 3590 4235 te

1992 4264 2224 4320 liberare
2252 4263 2516 4320 conabor.
2555 4265 2638 4319 Ad
2661 4267 2762 4320 hoc
2809 4281 3063 4336 pauper:
3117 4266 3230 4323 Scit
3272 4267 3419 4321 Deus
3462 4267 3590 4339 quia

1993 4352 2205 4407 reddidi
2238 4361 2499 4423 quantum
2529 4352 2737 4407 inveni.
2796 4353 2929 4409 lude
2973 4354 3334 4426 phiIOSOphus
3376 4353 3447 4410 ad
3495 4371 3587 4411 re-

1993 4456 2123 4510 gem
2147 4457 2161 4494 :
2183 4440 2238 4495 Si
2259 4449 2463 4495 rectum
2482 4439 2744 4508 judicium
2769 4441 2894 4496 inde
2915 4443 3069 4498 vobis
3087 4443 3276 4498 audire
3300 4442 3584 4514 placuerit,

1993 4529 2188 4584 dicam.
2224 4529 2342 4584 Rex
2374 4531 2491 4583 haec
2519 4529 2749 4584 audiens
2776 4537 2833 4584 ut
2853 4529 3129 4597 judicaret
3158 4532 3398 4604 rogavit.
3437 4531 3587 4588 Tunc

1996 4627 2354 4698 philosophus
2376 4629 2496 4700 regi
2530 4648 2548 4683 :
2581 4629 2687 4682 lste
2717 4627 2880 4683 homo
2910 4628 3064 4684 dives
3096 4629 3273 4686 bonus
3313 4637 3397 4684 est
3439 4630 3587 4685 mul-

1989 4724 2118 4780 tum,
2152 4723 2204 4771 et
2234 4732 2342 4771 non
2375 4723 2459 4770 est
2505 4715 2770 4771 credibile
2815 4733 2940 4772 eum
2988 4715 3193 4788 aliquid
3241 4717 3584 4788 interrogare

1987 4805 2133 4876 quod
2163 4821 2270 4859 non
2303 4805 2613 4870 amisisset;
2664 4821 2734 4860 ex
2781 4805 2889 4860 alia
2935 4813 3092 4875 parte
3142 4805 3406 4862 credibile
3450 4806 3583 4861 mihi

1987 4893 2200 4948 videtur
2221 4894 2370 4964 quod
2393 4893 2494 4948 iste
2519 4909 2728 4965 pauper
2761 4895 2921 4949 homo
2944 4892 3075 4948 nihil
3109 4893 3347 4965 amplius
3376 4893 3584 4950 invenit

1987 5006 2149 5062 quam
2173 4990 2425 5056 reddidit,
2454 4991 2580 5062 quia
2609 4990 2787 5046 malus
2821 4992 2982 5046 homo
3013 4991 3057 5045 si
3088 4998 3254 5057 esset,
3280 5005 3390 5046 non
3432 4991 3578 5062 quod

1987 5079 2219 5134 reddidit
2248 5079 2517 5144 redderet,
2565 5079 2675 5134 imo
2732 5088 2901 5136 totum
2957 5079 3180 5135 celaret.
3242 5079 3376 5134 Inde
3432 5094 3582 5134 rex:

1986 5167 2127 5236 Quid
2157 5175 2339 5222 autem
2372 5166 2498 5222 inde
2523 5167 2756 5238 judicans,
2772 5168 3096 5239 philosophe
3115 5169 3143 5222 ?
3172 5167 3536 5240 Philosophus
3563 5187 3575 5221 :

1987 5257 2118 5322 ilex,
2161 5271 2313 5310 sume
2344 5271 2590 5321 censum,
2624 5264 2679 5311 et
2725 5257 2792 5311 da
2841 5273 2904 5312 ex
2957 5272 3023 5312 eo
3079 5255 3305 5328 pauperi
3359 5263 3576 5312 centum

1985 5340 2202 5411 talenta,
2235 5350 2288 5398 et
2315 5344 2461 5416 quod
2493 5346 2822 5400 remanserit
2851 5360 3011 5400 serva
3039 5344 3216 5401 donec
3257 5344 3440 5399 veniat
3484 5345 3579 5415 qui

1983 5447 2208 5487 censum
2239 5438 2470 5504 quaerat.
2503 5433 2629 5504 quia
2658 5449 2767 5488 non
2797 5441 2880 5489 est
2910 5433 2996 5488 hic
3025 5433 3178 5500 cujus
3219 5432 3322 5488 iste
3375 5447 3576 5488 census

1985 5520 2073 5586 sit,
2107 5527 2159 5575 et
2185 5520 2286 5576 iste
2316 5521 2471 5576 dives
2503 5522 2672 5577 homo
2717 5530 2800 5577 est
2843 5521 2913 5576 ad
2959 5536 3267 5592 praeconem
3316 5528 3370 5577 et
3415 5519 3578 5577 faciat

1984 5608 2329 5682 interrogare
2357 5609 2617 5666 sacellum
2649 5626 2773 5666 cum
2805 5609 3019 5665 duobus
3048 5610 3414 5681 serpentibus.
3437 5609 3576 5681 Regi

1983 5705 2159 5752 autem
2186 5697 2389 5768 placuit
2414 5699 2520 5754 hoc
2541 5698 2823 5768 judicium,
2858 5706 3027 5768 atque
3057 5697 3310 5754 omnibus
3353 5697 3429 5752 ibi
3468 5697 3577 5753 cir-

1982 5785 2402 5841 cumstantibus.
2442 5788 2607 5842 Dives
2639 5802 2770 5842 vero
2810 5787 2902 5858 qui
2937 5785 3199 5842 sacellum
3238 5785 3573 5856 perdiderat,

1982 5873 2089 5928 hoc
2120 5872 2352 5928 audiens
2371 5874 2579 5946 inquit:
2602 5876 2747 5930 Bone
2769 5891 2886 5942 rex,
2937 5873 3062 5928 dico
3109 5872 3204 5926 tibi
3247 5872 3306 5927 in
3350 5872 3576 5928 veritate

1982 5976 2211 6018 censum
2233 5960 2395 6018 istum
2415 5961 2584 6020 fuisse
2603 5961 2909 6030 meum,sed
2931 5961 3056 6034 quia
3076 5959 3307 6019 voleban
3327 5959 3559 6032 pauperi
