3966 6400
182 427 295 480 8⁸33
1472 429 1598 483 DlHt
1617 427 1856 488 Ili‘l.l.\'.\
1896 432 2308 486 t'll.l2ill("..\l.|9.
2637 461 2640 464 -
3435 432 3542 502 694-

195 560 394 610 matur
430 550 590 620 quod
623 561 878 624 nequeat
919 553 1231 615 comedere,
1280 552 1455 606 donec
1498 560 1839 606 ruuoveatur
1873 554 1923 611 Α
1957 553 2201 623 quaesivit
2241 556 2312 609 ab
2352 556 2606 610 eunucho
2666 552 2794 625 quid
2842 553 3082 610 fecisset.
3135 553 3427 610 Eunuchus
3471 556 3539 610 ad

201 640 304 694 alii
350 639 721 716 jejunabunt.
769 641 867 696 isti
906 642 1206 714 burgenses
1251 649 1538 710 postquam
1587 640 1840 692 volebant
1951 643 2087 696 hoc:
2120 642 2259 698 Dixit
2291 643 2422 698 mihi
2456 643 2629 696 Nediu
2661 641 2960 713 discipulus
2993 651 3114 697 tuus
3139 643 3282 713 quod
3301 643 3546 715 quando-

209 727 518 792 animalem
550 737 814 784 naturam
857 729 960 784 sibi
1009 744 1244 792 sumere,
1291 725 1558 781 mitissimi
1589 726 1838 780 animalis

217 834 479 882 naturam
509 825 616 880 sibi
645 824 976 894 debuissent
1000 825 1322 888 vendicare,
1353 833 1403 877 et
1433 822 1624 878 merito
1655 823 1834 877 cibum

213 914 556 970 amiserunt.
596 911 748 984 Quin
779 914 945 971 etiam
992 915 1097 968 hoc
1141 914 1219 968 eis
1261 911 1510 967 evenisse
1543 909 1834 968 voluissem

215 1013 376 1084 quod
398 1013 668 1085 magistro
698 1028 828 1068 meo
858 1020 1120 1068 narrante
1143 1009 1465 1080 jamdudum
1494 1010 1680 1065 audivi
1710 1026 1829 1066 eve-

211 1102 380 1162 nisse
433 1099 660 1157 incisori
723 1101 874 1175 regis
929 1117 1028 1172 pro
1074 1098 1342 1170 discipulo
1398 1116 1498 1154 suo
1553 1098 1832 1172 proprium

211 1205 431 1245 nomen
449 1190 650 1256 Nediu,
670 1197 728 1246 ut
745 1189 980 1246 fustibus
1003 1189 1361 1245 caederentur.
1385 1188 1540 1246 Pater
1569 1187 1635 1242 ad
1673 1188 1787 1244 haec
1814 1207 1824 1240 :

209 1287 322 1343 Dic
346 1286 503 1352 mihi,
538 1285 633 1353 fili,
682 1287 816 1360 quid
859 1285 1055 1342 audisti
1094 1285 1368 1356 quomodo
1393 1283 1621 1356 contigit
1655 1282 1827 1340 disci-

205 1377 378 1446 pulo,
409 1375 670 1449 quoniam
727 1374 856 1432 talis
913 1374 1149 1432 narratio
1197 1373 1362 1432 animi
1392 1372 1491 1428 erit
1524 1373 1816 1428 recreatio.

206 1463 430 1522 Filius:

772 1573 1041 1634 FABULA
1080 1575 1281 1630 XVlll.

283 1679 562 1742 Narravit
615 1680 751 1741 mihi
812 1684 1070 1758 magister
1112 1696 1266 1740 meus
1309 1678 1602 1753 quemdam
1634 1692 1818 1748 regem

203 1776 485 1830 habuisse
517 1776 810 1830 incisorem
833 1774 924 1847 qui
943 1770 1200 1830 diversos
1216 1767 1460 1830 diversis
1483 1766 1820 1838 temporibus

203 1873 386 1936 aptos
413 1863 463 1918 ei
492 1863 769 1920 incidebat
800 1878 1032 1934 pannos.
1065 1866 1134 1918 At
1161 1861 1251 1916 ille
1273 1857 1572 1930 discipulos
1601 1863 1817 1914 sutores

203 1961 468 2017 habebat
519 1975 751 2032 quorum
807 1961 1034 2032 quisque
1088 1957 1379 2014 artificiose
1432 1955 1628 2012 suebat
1670 1949 1817 2027 quod

204 2043 488 2122 magister
535 2048 736 2105 lnciaor
783 2049 932 2119 regis
969 2048 1267 2105 incidebat.
1317 2047 1462 2102 inter
1503 2059 1642 2116 quos
1680 2056 1820 2099 unus

207 2146 341 2195 erat
369 2137 677 2210 discipulus
707 2138 928 2194 nomine
965 2136 1144 2192 Nediu
1183 2135 1278 2208 qui
1315 2134 1494 2191 socios
1521 2141 1636 2190 arte
1665 2142 1817 2190 suto-

207 2238 304 2293 ria
334 2237 649 2308 superabat.
711 2236 822 2292 Sed
850 2236 940 2291 die
997 2236 1136 2291 festo
1186 2233 1436 2290 veniente
1465 2247 1566 2288 rex
1597 2247 1821 2288 suorum

209 2325 530 2382 incisorem
555 2339 865 2397 pannorum
898 2325 1112 2381 vocavit
1132 2332 1185 2380 et
1207 2323 1477 2394 pretiosas
1508 2330 1688 2377 vestes
1718 2320 1820 2376 sibi

210 2432 269 2479 et
323 2423 695 2478 familiaribus
738 2423 922 2494 parari
969 2423 1247 2494 precepit.
1301 2420 1456 2490 Quod
1493 2424 1554 2474 ut
1581 2419 1739 2475 citius
1768 2426 1821 2473 et

218 2513 347 2567 sine
380 2511 775 2584 impedimento
822 2509 995 2576 fleret,
1044 2526 1210 2566 unum
1257 2509 1326 2564 de
1363 2507 1680 2565 camerariis
1709 2507 1822 2561 suis

221 2613 546 2667 eunuchum
577 2611 733 2682 cujus
765 2609 897 2665 illud
929 2617 1046 2665 erat
1075 2608 1312 2666 officium
1345 2608 1617 2663 sutoribus
1645 2615 1824 2661 custo-

217 2702 353 2756 dem
376 2700 609 2758 addidit.
644 2707 696 2754 et
727 2706 785 2754 ut
815 2714 998 2755 eorum
1023 2713 1224 2754 curvos
1245 2713 1456 2770 ungues
1485 2696 1821 2759 observaret,

216 2799 276 2844 et
305 2789 393 2845 eis
421 2789 495 2844 ad
525 2787 901 2845 sufﬁcientiam
950 2787 1257 2844 necessaria
1289 2786 1618 2842 ministraret
1665 2799 1828 2856 rega-

217 2871 318 2933 vit.
351 2871 466 2933 Sed
496 2872 552 2932 in
583 2889 688 2932 una
737 2875 946 2931 dierum
991 2875 1226 2930 ministri
1273 2873 1506 2929 calidum
1549 2888 1746 2944 panem
1777 2879 1831 2927 et

219 2977 331 3033 mel
363 2991 492 3032 cum
523 2975 646 3031 aliis
675 2974 893 3030 ferculis
911 2969 1134 3030 incisori
1166 2981 1218 3028 et
1248 2972 1524 3029 consociis
1544 2971 1832 3027 comeden-

219 3067 354 3120 dum
389 3065 684 3133 dederunt,
717 3072 769 3119 et
799 3064 890 3136 qui
919 3063 1150 3118 aderant
1191 3061 1484 3120 comedere
1514 3067 1822 3130 eruperunt.

219 3154 444 3224 Quibus
475 3153 829 3226 epulantibus
851 3153 1168 3209 eunuchus:
1197 3150 1377 3220 Quare
1399 3150 1633 3206 absente
1656 3147 1833 3203 Nediu

1947 746 2051 802 que
2079 729 2345 787 insanires
2379 740 2430 786 et
2461 746 2567 785 non
2603 731 2703 785 nisi
2753 729 2946 786 vinclis
2971 738 3021 786 et
3055 730 3378 786 verberibus
3410 747 3539 787 cor-

1947 837 2131 902 reptus
2165 845 2436 896 cessares,
2472 838 2524 884 et
2558 828 2678 883 ideo
2711 836 2762 884 te
2802 827 2986 905 ligavi.
3034 829 3150 886 Hoc
3178 828 3360 884 audito
3399 827 3538 886 inci-

1943 942 2038 981 sor
2065 927 2240 982 Redin
2279 925 2602 996 discipulum
2642 941 2800 982 suum
2839 924 3055 984 vocavit
3084 933 3133 978 et
3163 925 3275 988 ait:
3325 925 3534 993 Amice,

1941 1015 2158 1086 quando
2187 1032 2274 1072 me
2305 1015 2506 1070 novisti
2554 1015 2803 1070 insanum
2845 1015 2874 1066 ‘2
2901 1013 2982 1070 Ad
3025 1016 3130 1070 hoc
3185 1013 3485 1085 discipulus
3520 1035 3530 1069 :

1939 1102 2168 1172 Quando
2197 1103 2392 1158 novisti
2424 1120 2510 1158 me
2529 1103 2636 1160 mel
2659 1118 2763 1159 non
2787 1101 3077 1158 comedere
3105 1104 3133 1156 ε)
3165 1102 3457 1160 Eunuchus
3478 1111 3532 1160 et

1937 1201 2028 1256 alii
2085 1201 2202 1257 haec
2256 1201 2545 1258 audientes
2602 1199 2858 1266 riserunt,
2909 1207 2965 1256 et
2996 1207 3291 1270 utrumque
3338 1199 3529 1256 merito

1936 1305 2126 1360 pinnas
2154 1291 2466 1360 suscepisse
2490 1289 2907 1358 judicaverunt.

2005 1378 2088 1433 Ad
2146 1379 2250 1434 hoc
2295 1385 2480 1449 pater:
2515 1377 2710 1433 Merito
2763 1377 2868 1433 hoc
2927 1375 3004 1432 illi
3057 1376 3272 1444 accidit,
3328 1375 3450 1448 quia
3480 1376 3528 1432 si

1931 1466 2232 1522 custodiret
2259 1466 2402 1538 quod
2425 1468 2639 1536 Moyses
2670 1465 2929 1536 przecepit
2953 1473 3010 1520 ut
3032 1463 3284 1537 diligeret
3305 1464 3528 1520 fratrem

1932 1572 2090 1609 suum
2122 1555 2258 1618 sicut
2289 1555 2528 1624 seipsum
2563 1556 2696 1622 (23),
2729 1569 2837 1608 non
2870 1554 2972 1610 hoc
3002 1553 3050 1608 ei
3082 1553 3374 1610 evenisset.

2002 1651 2299 1724 Castigavit
2331 1650 2500 1706 filium
2550 1667 2704 1706 suum
2737 1651 2961 1706 dicens:
3005 1649 3136 1707 Vide
3166 1667 3234 1708 ne
3269 1650 3518 1726 imponas

1927 1747 2150 1820 aliquod
2194 1749 2397 1805 crimen
2444 1747 2595 1804 socio
2638 1751 2732 1804 tuo
2784 1763 2942 1806 servo
2982 1747 3096 1803 sive
3125 1747 3320 1814 libero,
3347 1766 3416 1808 ne
3449 1749 3519 1804 ita

1928 1837 2023 1891 tibi
2053 1835 2341 1909 contingat
2397 1836 2536 1893 sicut
2589 1837 2804 1892 duobus
2854 1835 3248 1905 joculatoribus
3289 1838 3520 1909 contigit

1847 1906 1900 1964 Β
1930 1941 2052 1988 ante
2083 1906 2289 2004 regem.
2324 1933 2403 1988 Ad
2436 1934 2539 1990 hoc
2571 1931 2713 1988 filius
2735 1953 2745 1990 :
2765 1933 2942 1990 Narra
2973 1933 3124 2000 mihi,
3158 1939 3340 2006 pater,
3363 1906 3520 1992 obse-

1931 2037 2051 2080 Cro.
2093 2023 2249 2077 Pater
2274 2038 2285 2076 :
2322 2021 2452 2077 Fiat.

2505 2146 2774 2204 FABULA
2810 2147 2964 2204 XIX.

2005 2275 2160 2330 Venit
2187 2273 2405 2347 quidam
2429 2271 2696 2340 joculator
2721 2271 2787 2326 ad
2819 2287 3029 2344 regem,
3079 2286 3240 2344 quem
3271 2281 3519 2330 vocatum

1931 2382 2022 2420 rex
2052 2379 2174 2420 cum
2206 2363 2314 2418 alio
2358 2361 2658 2431 joculatore
2703 2360 2831 2416 fecit
2871 2360 3062 2416 sedere
3109 2369 3276 2433 atque
3325 2376 3518 2418 come-

1931 2455 2100 2515 dere;
2137 2453 2233 2506 sed
2265 2450 2356 2523 qui
2406 2449 2560 2522 prius
2608 2456 2729 2505 erat
2767 2449 3038 2517 joculator
3082 2450 3247 2520 erepit
3278 2449 3521 2505 invidere

1933 2540 2341 2614 supervenienti
2391 2554 2552 2610 quem
2594 2554 2684 2592 rex
2735 2537 2837 2591 sibl
2884 2535 3210 2608 praeferebat
3250 2547 3305 2593 et
3331 2554 3523 2594 omnes

1933 2611 2117 2686 auliri.
2150 2627 2308 2697 Quod
2342 2644 2409 2682 ne
2441 2627 2668 2682 duraret
2698 2625 2790 2680 diu
2839 2625 3110 2696 pudorem
3141 2625 3216 2680 illi
3248 2625 3429 2682 facere
3468 2636 3525 2682 ut
3583 2611 3594 2619 ’

1935 2719 2012 2774 sic
2033 2718 2226 2773 saltem
2269 2715 2554 2789 aufugeret
2595 2713 2872 2788 cogitavit.
2924 2715 3114 2786 Itaque
3156 2715 3528 2770 nescientibus

1936 2816 2056 2873 aliis
2086 2832 2214 2872 ossa
2243 2815 2475 2870 latenter
2527 2811 2738 2883 primus
2788 2812 3064 2880 joculator
3109 2813 3449 2868 coordinavit
3479 2824 3532 2868 et

1937 2912 2062 2961 ante
2090 2903 2299 2960 socium
2327 2901 2523 2973 posuit,
2556 2899 2814 2972 ﬁnitoque
2840 2901 3071 2971 prandio
3090 2901 3146 2955 in
3176 2902 3532 2973 opprobrium

1939 2994 2146 3050 socium
2179 2991 2498 3061 conjectans
2547 2997 2750 3044 struem
2796 2988 3000 3043 ossium
3045 2990 3169 3060 regi
3215 2991 3452 3045 ostendit
3479 3002 3533 3046 et

1938 3087 2271 3144 mordaciter
2298 3085 2506 3156 inquit:
2558 3083 2806 3148 Domine,
2863 3082 3046 3138 socius
3092 3099 3250 3139 meus
3290 3087 3532 3141 omnium

1941 3177 2144 3233 ossium
2175 3175 2403 3230 istorum
2435 3170 2752 3227 vestituram
2799 3171 3054 3227 comedit.
3099 3171 3209 3226 Rex
3245 3188 3377 3228 vero
3415 3183 3534 3229 tor-

219 3252 526 3310 comeditis
575 3267 680 3308 nec
723 3251 874 3306 illum
921 3250 1224 3322 expectatis
1246 3251 1273 3303 ‘?
1315 3249 1574 3321 Magister
1605 3247 1782 3318 inquit
1817 3266 1828 3302 :
1863 3267 1913 3330 ρ
1943 3266 2024 3322 vis
2053 3263 2224 3320 oculis
2256 3261 2515 3333 τεερεχίι,
2548 3262 2853 3315 Accusatus
2909 3266 3092 3313 autem
3123 3260 3244 3328 regi
3273 3261 3346 3315 είι
3367 3282 3386 3318 τ
3416 3261 3534 3318 Do-

223 3338 371 3411 Quia
401 3341 510 3397 mel
540 3356 652 3395 non
682 3335 999 3398 comederet
1035 3338 1249 3394 etiamsi
1277 3339 1529 3402 adesset;
1561 3345 1615 3392 et
1643 3352 1830 3392 come-

210 3433 456 3487 derunt.
487 3429 698 3484 Deinde
728 3429 875 3484 venit
928 3428 1107 3484 Nediu
1165 3434 1220 3484 et
1249 3427 1320 3482 ait
1349 3447 1368 3482 :
1402 3425 1588 3495 Quare
1619 3442 1706 3480 me
1734 3425 1831 3478 ab-

229 3535 387 3584 sente
418 3526 726 3590 comedisti,
753 3541 856 3582 nec
875 3533 1082 3596 partem
1112 3540 1289 3579 meam
1318 3522 1642 3578 reservastis
1670 3523 1696 3576 Ὺ
1727 3523 1832 3576 Ευ-

229 3618 444 3672 nuchus
493 3615 563 3670 ad
595 3615 748 3670 haec:
783 3614 1043 3685 Magister
1085 3623 1210 3667 tuus
1239 3612 1372 3667 dixit
1411 3611 1554 3684 quod
1586 3610 1693 3666 mel
1722 3626 1830 3666 non

228 3705 556 3762 comederes
583 3702 796 3759 etiamsi
815 3703 1061 3757 adesses.
1084 3701 1259 3756 Atille
1280 3701 1443 3757 tacuit
1473 3708 1526 3755 et
1553 3699 1832 3771 quomodo

230 3802 498 3874 magistro
529 3817 629 3856 suo
669 3800 802 3855 illud
847 3815 1266 3871 recompensare
1310 3808 1496 3869 posset
1536 3797 1821 3870 cogitavit.

231 3893 299 3946 Et
329 3891 435 3946 boc
465 3889 630 3954 facto,
665 3888 934 3958 magistro
963 3890 1220 3954 absente,
1257 3887 1431 3941 Nediu
1459 3895 1673 3942 secreto
1697 3886 1833 3942 dixit

232 3990 480 4044 eunucho
507 4005 520 4044 :
555 3987 809 4056 Domine,
837 3987 1105 4059 magister
1131 4002 1286 4040 meus
1303 3985 1626 4057 quandoque
1653 3984 1829 4039 frene-

231 4073 326 4126 sim
358 4073 575 4143 patiens
604 4086 828 4126 sensum
857 4071 1037 4140 perdit
1064 4079 1118 4126 et
1144 4070 1437 4124 indiscrete
1466 4068 1831 4125 circumstan-

230 4178 309 4222 tes
340 4168 596 4223 verberat
625 4175 676 4221 et
705 4166 986 4220 interimit.
1031 4165 1128 4220 Cui
1180 4167 1461 4222 eunuchus
1495 4184 1513 4220 :
1545 4164 1599 4218 Si
1630 4163 1825 4218 scirem

238 4259 426 4310 horam
455 4255 677 4328 quando
707 4255 758 4310 ei
780 4255 1068 4326 contingit,
1103 4270 1171 4309 ne
1201 4255 1328 4327 quid
1357 4253 1657 4308 inconsulte
1688 4267 1825 4319 age-

232 4356 307 4401 ret
337 4345 566 4417 ligarem
597 4354 651 4400 et
683 4344 816 4398 loris
843 4346 1126 4414 corrigere
1157 4342 1614 4414 constringerem.
1638 4341 1826 4396 AtNe-

231 4443 317 4498 diu
349 4445 426 4496 ait
460 4462 471 4496 :
507 4442 641 4497 Cum
679 4440 878 4496 videris
898 4457 1018 4496 eum
1043 4441 1149 4494 buc
1177 4448 1231 4495 et
1249 4439 1377 4494 illuc
1396 4438 1744 4510 aspicientem
1774 4447 1826 4492 et

239 4542 433 4586 terram
454 4530 707 4585 manibus
724 4529 1106 4584 verberantem
1118 4537 1172 4583 et
1188 4543 1220 4582 a
1243 4545 1337 4582 sua
1353 4529 1484 4582 sede
1507 4538 1823 4597 surgentem

1941 3355 2086 3410 mine
2107 3352 2212 3408 feci
2239 3351 2383 3424 quod
2440 3358 2637 3404 natura
2695 3347 2932 3404 humana
2974 3347 3308 3419 requirebat,
3341 3364 3536 3405 carnes

1940 3441 2155 3499 comedi
2187 3451 2241 3496 et
2265 3455 2394 3495 ossa
2413 3435 2595 3493 dimisi
2619 3452 2632 3502 ;
2659 3435 2842 3492 socius
2862 3443 3044 3498 autem
3066 3452 3221 3492 meus
3241 3435 3369 3494 fecit
3389 3439 3535 3510 quod

1941 3548 2041 3586 sua
2070 3537 2257 3586 natura
2288 3527 2497 3585 scilicet
2525 3525 2717 3582 canina
2765 3523 3094 3596 inquirebat,
3141 3523 3265 3596 quia
3297 3527 3536 3582 comedit

1941 3637 2001 3677 ca
2011 3637 2136 3675 rues
2165 3625 2217 3674 et
2247 3633 2372 3674 ossa
2385 3659 2399 3672 .

2013 3716 2160 3772 Dixit
2189 3715 2581 3786 philosophus:
2615 3713 2836 3769 Honora
2865 3713 3139 3768 minorem
3167 3721 3218 3769 te
3247 3723 3298 3768 et
3327 3715 3398 3770 da
3426 3715 3531 3770 sibi

1938 3806 2009 3861 de
2039 3815 2130 3860 tuo
2159 3805 2299 3860 sicut
2330 3804 2416 3858 vis
2449 3802 2595 3874 quod
2616 3802 2788 3870 major
2817 3811 2868 3856 te
2897 3801 3125 3856 honoret
3153 3810 3202 3857 et
3225 3802 3294 3859 de
3315 3819 3418 3859 suo
3439 3805 3537 3858 tibi

1938 3894 2166 3950 tribuat.
2232 3892 2421 3947 Alius:
2454 3891 2636 3960 Turpe
2692 3889 2914 3961 quidem
2971 3897 3053 3946 est
3105 3889 3334 3945 multum
3381 3891 3534 3947 diviti

1937 4008 2061 4047 esse
2091 4007 2339 4055 avarum,
2387 3988 2647 4045 mebiocri
2694 3987 2975 4059 pulchrum
3006 4003 3129 4042 esse
3167 3987 3403 4058 largum.
3439 3979 3534 4042 Di-

1937 4079 2184 4150 scipulus
2212 4079 2286 4134 ait
2312 4097 2324 4133 :
2359 4077 2741 4132 Difﬁnitionem
2787 4075 2929 4147 largi
2958 4083 3011 4130 et
3040 4074 3187 4130 avari
3219 4084 3272 4130 et
3312 4076 3528 4148 prodigi

1937 4168 2066 4223 mihi
2097 4166 2405 4223 subscribe.
2441 4167 2595 4221 Pater
2631 4183 2643 4219 :
2677 4163 2781 4233 Qui
2812 4164 2904 4219 dat
2929 4164 3130 4235 quibus
3159 4163 3398 4219 dandum
3421 4175 3527 4228 est,

1933 4264 1985 4311 et
2016 4255 2213 4310 retinet
2243 4255 2442 4326 quibus
2499 4253 2846 4309 retinendum
2896 4261 2999 4316 est,
3030 4252 3228 4325 largus
3271 4261 3383 4314 est;
3427 4255 3527 4326 qui

1933 4353 2182 4424 prohibet
2210 4353 2408 4424 quibus
2455 4349 2857 4421 prohibendum
2888 4366 2998 4406 non
3026 4358 3130 4418 est,
3173 4366 3373 4407 avarus
3402 4361 3485 4408 est
3511 4370 3524 4406 :

1931 4449 2022 4520 qui
2049 4449 2139 4504 dat
2171 4448 2368 4517 quibus
2399 4445 2640 4500 dandum
2683 4453 2770 4500 est
2799 4453 2853 4500 et
2883 4445 3084 4517 quibus
3129 4463 3237 4501 non
3267 4455 3352 4503 est
3380 4447 3525 4503 dan-

1931 4537 2079 4601 dum,
2113 4535 2405 4607 prodigus.
2428 4533 2618 4590 Alius:
2652 4533 2777 4588 Noli
2817 4533 3084 4590 associari
3128 4535 3208 4589 rei
3246 4533 3528 4591 deficienti

235 4629 281 4674 ει
303 4634 590 4675 summm
619 4633 786 4688 super
815 4616 960 4688 (μιοά
981 4617 1140 4672 Sed“
1161 4632 1320 4672 manu
1345 4617 1666 4686 Γερὶθηίοων
1690 4623 1819 4670 ίιιηο
1847 4614 1900 4674 D
1931 4634 1984 4680 et
2011 4641 2081 4680 ne
2110 4638 2388 4696 proponas
2416 4631 2468 4676 te
2501 4621 2576 4676 rei
2606 4621 2897 4677 crescenti.
2950 4621 3141 4676 Alius:
3172 4623 3348 4694 Magia
3377 4623 3525 4679 valet

235 4707 372 4763 scias
390 4722 517 4762 eum
545 4720 669 4762 esse
690 4705 954 4772 insanum,
977 4709 1032 4760 et
1051 4704 1157 4760 nisi
1180 4704 1275 4760 tibi
1297 4712 1349 4760 et
1371 4703 1473 4759 tuis
1493 4702 1818 4774 provideris,

235 4812 386 4874 caput
418 4803 557 4858 fuste
588 4801 812 4857 dolebit.
836 4801 1060 4856 Talibus
1081 4801 1242 4857 dictis
1262 4800 1438 4857 Nediu
1459 4799 1717 4871 sequenti
1733 4799 1822 4855 die

237 4892 474 4962 magistri
489 4891 574 4946 sui
589 4890 810 4946 forﬁces
829 4898 1043 4947 secreto
1063 4889 1372 4956 abscondit,
1393 4897 1447 4944 at
1466 4889 1665 4944 incisor
1681 4904 1828 4960 quae-

240 4998 352 5035 rens
380 4979 600 5036 forfices
628 4987 681 5034 et
711 4994 817 5033 non
851 4977 1135 5034 inveniens
1149 4978 1313 5048 cmpit
1341 4977 1591 5033 manibus
1619 4985 1820 5032 terram

241 5077 512 5140 percutere
531 5076 584 5123 et
601 5069 706 5123 huc
724 5075 774 5122 et
795 5067 921 5123 illuc
942 5066 1192 5137 aspicere
1208 5075 1261 5121 et
1279 5082 1308 5120 a
1320 5082 1418 5121 sua
1435 5067 1564 5122 sede
1585 5080 1821 5137 surgere

241 5167 285 5211 et
311 5173 590 5212 scamnum
620 5171 792 5225 super
835 5155 985 5226 quod
1041 5155 1272 5210 sedebat
1310 5171 1471 5211 manu
1517 5154 1817 5210 dimovere.

244 5246 352 5301 Haec
373 5245 571 5300 videns
627 5244 907 5298 eunuchus
961 5243 1142 5298 statim
1183 5259 1314 5298 suos
1344 5243 1556 5300 vocavit
1596 5242 1822 5300 clientes

243 5331 905 5405 pra‘ccptiqueincisorem
923 5331 1084 5402 ligari
1106 5340 1158 5386 et
1177 5346 1245 5386 ne
1256 5331 1479 5402 aliquos
1502 5331 1823 5386 verberaret

244 5423 462 5494 graviter
475 5419 760 5476 verberari
775 5462 787 5474 .
818 5420 925 5474 Sed
943 5419 1146 5476 iucisor
1169 5419 1440 5474 clamabat
1464 5421 1537 5474 ita
1554 5420 1816 5475 dicendo:

245 5512 363 5582 Quid
396 5511 533 5567 foris
556 5509 684 5573 feci,
717 5515 770 5562 ut
800 5508 930 5579 quid
959 5508 1154 5566 talibus
1187 5524 1280 5564 me
1313 5508 1553 5579 aflligitis
1583 5508 1824 5563 verberi-

241 5603 366 5658 bus?
396 5606 464 5656 At
495 5599 575 5653 illi
608 5597 794 5652 acrius
851 5596 1194 5651 verberando
1251 5598 1528 5653 tacebant.
1588 5595 1822 5664 Quando

238 5701 396 5749 autem
427 5689 568 5745 lassi
602 5684 823 5740 fuerunt
854 5685 1195 5741 verberando
1223 5702 1451 5741 exosum
1482 5686 1608 5740 vitm
1637 5685 1822 5740 solve-

238 5789 342 5839 runt
391 5777 489 5852 qui
551 5773 836 5844 respirans
885 5773 983 5829 sed
1032 5773 1200 5846 longo
1247 5774 1508 5845 temporis
1536 5772 1823 5829 intervallo

287 5930 396 5992 (23)
441 5915 680 5975 Levitic.
715 5931 820 5981 nx,
855 5915 940 5970 18.
965 5900 1268 6002 Ῥγὲπνπὸ
1297 5929 1469 5976 nam:

1929 4729 2098 4784 parva
2123 4711 2398 4767 beatitudo
2428 4725 2589 4782 quam
2612 4708 2775 4779 plena
2797 4709 2992 4764 domus
3012 4725 3149 4765 auro
3178 4718 3234 4765 et
3260 4718 3520 4783 argento.

1931 4802 2081 4857 Alius
2117 4819 2130 4856 :
2162 4801 2320 4857 Utilia
2366 4798 2620 4871 perquire
2670 4811 2871 4869 magno
2918 4813 3104 4862 sensu,
3165 4813 3274 4854 non
3319 4815 3526 4871 magna

1929 4890 2236 4948 velocitate.
2281 4888 2469 4946 Alius:
2529 4887 2613 4942 Nc
2668 4884 2931 4956 respicias
2985 4885 3238 4942 ditiorem
3284 4895 3340 4941 te
3368 4903 3440 4943 ne
3467 4888 3521 4942 in

1927 4995 2053 5035 eum
2108 4994 2326 5050 pecces,
2382 4976 2480 5032 sed
2537 4977 2746 5047 respice
2802 4975 3183 5047 pauperiorem
3228 4983 3281 5030 te
3309 4983 3368 5030 et
3395 4975 3523 5030 inde

1927 5076 2116 5138 grates
2148 5069 2262 5122 Deo
2293 5065 2486 5121 redde.
2522 5064 2716 5120 Alius:
2777 5065 2898 5120 Non
2930 5063 3176 5135 deneges
3216 5065 3392 5118 Deum
3420 5080 3522 5134 pro

1928 5155 2291 5226 pauperitate,
2322 5169 2426 5224 pro
2456 5153 2658 5208 divitiis
2681 5151 2790 5207 noli
2811 5152 3116 5222 superbire.
3142 5151 3299 5206 Alius
3322 5169 3333 5205 :
3359 5151 3521 5220 Quis-

1927 5243 2051 5311 quis
2098 5242 2267 5296 multa
2313 5245 2484 5312 cupit,
2533 5241 2801 5315 majorum
2849 5239 2993 5294 fame
3038 5239 3287 5294 tabescit.
3318 5240 3517 5294 Alius:

1927 5331 1981 5386 Si
2014 5331 2098 5386 vis
2119 5331 2172 5384 in
2203 5331 2306 5385 hoc
2336 5329 2541 5385 srerulo
2572 5337 2784 5385 tantum
2823 5328 3020 5383 habere
3052 5336 3313 5400 quantum
3344 5327 3518 5382 suffe-

1926 5420 2065 5478 cerit
2106 5425 2332 5479 naturae,
2384 5433 2494 5472 non
2537 5418 2702 5474 multa
2737 5425 2788 5473 te
2816 5418 3030 5472 decebit
3056 5432 3433 5488 congregare;
3465 5427 3521 5472 et

1928 5509 1973 5563 si
2001 5506 2200 5579 cupido
2245 5504 2557 5561 satisfacere
2606 5505 2844 5560 volueris
2881 5506 3082 5572 animo,
3124 5505 3251 5561 licet
3277 5519 3520 5576 congre-

1929 5597 2069 5669 gatis
2098 5610 2438 5666 quaecunque
2467 5593 2522 5646 in
2556 5602 2666 5648 toto
2699 5594 2902 5649 mundo
2940 5595 3144 5649 ambitu
3180 5593 3523 5651 centimeter

1929 5683 2150 5751 divitiis,
2202 5681 2320 5736 sitis
2356 5689 2540 5736 tamen
2595 5679 2808 5735 ardebit
2863 5681 3123 5737 habendi.
3173 5681 3334 5736 Alius
3366 5698 3379 5736 :
3413 5680 3530 5750 Qui

1932 5788 2095 5844 parce
2127 5787 2222 5825 sua
2269 5769 2563 5841 dispendit.
2616 5768 2708 5823 diu
2735 5767 2938 5824 durant
2965 5770 3010 5823 ei
3040 5785 3318 5840 possessa.
3361 5769 3524 5824 Alius
