  <div class='ocr_page' id='page_1' title='image "/cluster/home/n/w/nwhite01/storage/ocr_20150623/156-157/uc1.31175010662024/989.png"; bbox 0 0 3966 6398; ppageno 0'>
   <div class='ocr_carea' id='block_1_1' title="bbox 436 434 542 491">
    <p class='ocr_par' dir='ltr' id='par_1_1' title="bbox 436 434 542 491">
     <span class='ocr_line' id='line_1_1' title="bbox 436 434 542 491; baseline 0 -1"><span class='ocrx_word' id='word_1_1' title='bbox 436 434 542 491; x_wconf 73' lang='lat'><strong>695</strong></span> 
     </span>
    </p>
   </div>
   <div class='ocr_carea' id='block_1_2' title="bbox 1360 422 2826 487">
    <p class='ocr_par' dir='ltr' id='par_1_2' title="bbox 1360 422 2826 487">
     <span class='ocr_line' id='line_1_2' title="bbox 1360 422 2826 487; baseline -0.005 -1"><span class='ocrx_word' id='word_1_2' title='bbox 1360 427 1565 487; x_wconf 79' lang='lat' dir='ltr'><strong>PETRI</strong></span> <span class='ocrx_word' id='word_1_3' title='bbox 1606 426 1958 485; x_wconf 72' lang='lat' dir='ltr'><strong>ALPllONSl</strong></span> <span class='ocrx_word' id='word_1_4' title='bbox 1996 427 2096 484; x_wconf 76' lang='lat' dir='ltr'><strong>EX</strong></span> <span class='ocrx_word' id='word_1_5' title='bbox 2132 424 2377 483; x_wconf 70' lang='lat' dir='ltr'><strong>JUDEO</strong></span> <span class='ocrx_word' id='word_1_6' title='bbox 2418 422 2826 482; x_wconf 77' lang='lat' dir='ltr'><strong>CHRISTIANI</strong></span> 
     </span>
    </p>
   </div>
   <div class='ocr_carea' id='block_1_3' title="bbox 3631 420 3752 483">
    <p class='ocr_par' dir='ltr' id='par_1_3' title="bbox 3631 420 3752 483">
     <span class='ocr_line' id='line_1_3' title="bbox 3631 420 3752 483; baseline -0.025 0"><span class='ocrx_word' id='word_1_7' title='bbox 3631 420 3752 483; x_wconf 74' lang='lat'><strong>606</strong></span> 
     </span>
    </p>
   </div>
   <div class='ocr_carea' id='block_1_4' title="bbox 435 545 3749 633">
    <p class='ocr_par' dir='ltr' id='par_1_4' title="bbox 435 545 3749 633">
     <span class='ocr_line' id='line_1_4' title="bbox 435 545 3749 633; baseline -0.002 -18"><span class='ocrx_word' id='word_1_8' title='bbox 435 560 539 629; x_wconf 90' lang='lat' dir='ltr'><strong>Qui</strong></span> <span class='ocrx_word' id='word_1_9' title='bbox 574 558 683 616; x_wconf 88' lang='lat' dir='ltr'><strong>vult</strong></span> <span class='ocrx_word' id='word_1_10' title='bbox 702 556 1018 633; x_wconf 85' lang='lat' dir='ltr'><strong>relinquere</strong></span> <span class='ocrx_word' id='word_1_11' title='bbox 1047 557 1328 625; x_wconf 67' lang='lat' dir='ltr'><strong>saeculum,</strong></span> <span class='ocrx_word' id='word_1_12' title='bbox 1362 556 1542 611; x_wconf 87' lang='lat' dir='ltr'><strong>videat</strong></span> <span class='ocrx_word' id='word_1_13' title='bbox 1574 572 1643 610; x_wconf 91' lang='lat' dir='ltr'><strong>ne</strong></span> <span class='ocrx_word' id='word_1_14' title='bbox 1674 554 1879 628; x_wconf 88' lang='lat' dir='ltr'><strong>aliquid</strong></span> <span class='ocrx_word' id='word_1_15' title='bbox 1912 554 2035 611; x_wconf 87' lang='lat' dir='ltr'><strong>reti-</strong></span> <span class='ocrx_word' id='word_1_16' title='bbox 2065 553 2122 616; x_wconf 84' lang='grc' dir='ltr'><strong>Λ</strong></span> <span class='ocrx_word' id='word_1_17' title='bbox 2153 559 2299 608; x_wconf 83' lang='lat' dir='ltr'><strong>recto</strong></span> <span class='ocrx_word' id='word_1_18' title='bbox 2343 548 2550 607; x_wconf 96' lang='lat' dir='ltr'><strong>tramite</strong></span> <span class='ocrx_word' id='word_1_19' title='bbox 2598 547 2802 608; x_wconf 89' lang='lat' dir='ltr'><strong>nollent</strong></span> <span class='ocrx_word' id='word_1_20' title='bbox 2839 548 3119 621; x_wconf 83' lang='lat' dir='ltr'><strong>incedere,</strong></span> <span class='ocrx_word' id='word_1_21' title='bbox 3162 548 3359 627; x_wconf 83' lang='lat' dir='ltr'><strong>quibus</strong></span> <span class='ocrx_word' id='word_1_22' title='bbox 3388 545 3521 609; x_wconf 81' lang='lat' dir='ltr'><strong>dixit</strong></span> <span class='ocrx_word' id='word_1_23' title='bbox 3555 571 3566 607; x_wconf 95' lang='lat'><strong>:</strong></span> <span class='ocrx_word' id='word_1_24' title='bbox 3602 546 3749 625; x_wconf 83' lang='lat' dir='ltr'><strong>Lupi</strong></span> 
     </span>
    </p>
   </div>
   <div class='ocr_carea' id='block_1_5' title="bbox 437 652 2040 731">
    <p class='ocr_par' dir='ltr' id='par_1_5' title="bbox 437 652 2040 731">
     <span class='ocr_line' id='line_1_5' title="bbox 437 652 2040 731; baseline -0.003 -18"><span class='ocrx_word' id='word_1_25' title='bbox 437 666 564 714; x_wconf 88' lang='lat' dir='ltr'><strong>neat</strong></span> <span class='ocrx_word' id='word_1_26' title='bbox 612 659 757 731; x_wconf 88' lang='lat' dir='ltr'><strong>quod</strong></span> <span class='ocrx_word' id='word_1_27' title='bbox 791 658 858 713; x_wconf 83' lang='lat' dir='ltr'><strong>sit</strong></span> <span class='ocrx_word' id='word_1_28' title='bbox 912 653 1059 713; x_wconf 88' lang='lat' dir='ltr'><strong>illius</strong></span> <span class='ocrx_word' id='word_1_29' title='bbox 1115 656 1365 727; x_wconf 86' lang='lat' dir='ltr'><strong>partium,</strong></span> <span class='ocrx_word' id='word_1_30' title='bbox 1410 654 1673 724; x_wconf 88' lang='lat' dir='ltr'><strong>quoniam</strong></span> <span class='ocrx_word' id='word_1_31' title='bbox 1702 652 2040 708; x_wconf 76' lang='lat' dir='ltr'><strong>tantumdem</strong></span> 
     </span>
    </p>
   </div>
   <div class='ocr_carea' id='block_1_6' title="bbox 439 740 2039 817">
    <p class='ocr_par' dir='ltr' id='par_1_6' title="bbox 439 740 2039 817">
     <span class='ocr_line' id='line_1_6' title="bbox 439 740 2039 817; baseline -0.003 -15"><span class='ocrx_word' id='word_1_32' title='bbox 439 747 622 802; x_wconf 89' lang='lat' dir='ltr'><strong>valent</strong></span> <span class='ocrx_word' id='word_1_33' title='bbox 649 763 714 803; x_wconf 90' lang='lat' dir='ltr'><strong>ac</strong></span> <span class='ocrx_word' id='word_1_34' title='bbox 754 747 799 801; x_wconf 89' lang='lat' dir='ltr'><strong>si</strong></span> <span class='ocrx_word' id='word_1_35' title='bbox 856 745 1029 817; x_wconf 83' lang='lat' dir='ltr'><strong>paleis</strong></span> <span class='ocrx_word' id='word_1_36' title='bbox 1073 744 1257 816; x_wconf 89' lang='lat' dir='ltr'><strong>ignem</strong></span> <span class='ocrx_word' id='word_1_37' title='bbox 1302 743 1669 814; x_wconf 78' lang='lat' dir='ltr'><strong>extingueret.</strong></span> <span class='ocrx_word' id='word_1_38' title='bbox 1705 741 1901 797; x_wconf 84' lang='lat' dir='ltr'><strong>Alius:</strong></span> <span class='ocrx_word' id='word_1_39' title='bbox 1934 740 2039 810; x_wconf 90' lang='lat' dir='ltr'><strong>Qui</strong></span> 
     </span>
    </p>
   </div>
   <div class='ocr_carea' id='block_1_7' title="bbox 440 830 2037 908">
    <p class='ocr_par' dir='ltr' id='par_1_7' title="bbox 440 830 2037 908">
     <span class='ocr_line' id='line_1_7' title="bbox 440 830 2037 908; baseline -0.003 -17"><span class='ocrx_word' id='word_1_40' title='bbox 440 836 729 907; x_wconf 80' lang='lat' dir='ltr'><strong>pecuniam</strong></span> <span class='ocrx_word' id='word_1_41' title='bbox 759 842 1064 908; x_wconf 86' lang='lat' dir='ltr'><strong>congregat</strong></span> <span class='ocrx_word' id='word_1_42' title='bbox 1101 832 1329 888; x_wconf 89' lang='lat' dir='ltr'><strong>multum</strong></span> <span class='ocrx_word' id='word_1_43' title='bbox 1376 830 1606 898; x_wconf 82' lang='lat' dir='ltr'><strong>laborat,</strong></span> <span class='ocrx_word' id='word_1_44' title='bbox 1639 830 1845 902; x_wconf 79' lang='lat' dir='ltr'><strong>vigiliis</strong></span> <span class='ocrx_word' id='word_1_45' title='bbox 1882 832 2037 887; x_wconf 90' lang='lat' dir='ltr'><strong>tabe-</strong></span> 
     </span>
    </p>
   </div>
   <div class='ocr_carea' id='block_1_8' title="bbox 441 916 2037 995">
    <p class='ocr_par' dir='ltr' id='par_1_8' title="bbox 441 916 2037 995">
     <span class='ocr_line' id='line_1_8' title="bbox 441 916 2037 995; baseline -0.002 -16"><span class='ocrx_word' id='word_1_46' title='bbox 441 925 541 981; x_wconf 83' lang='lat' dir='ltr'><strong>scit</strong></span> <span class='ocrx_word' id='word_1_47' title='bbox 570 940 638 980; x_wconf 91' lang='lat' dir='ltr'><strong>ne</strong></span> <span class='ocrx_word' id='word_1_48' title='bbox 666 925 876 995; x_wconf 81' lang='lat' dir='ltr'><strong>perdat,</strong></span> <span class='ocrx_word' id='word_1_49' title='bbox 908 923 978 978; x_wconf 88' lang='lat' dir='ltr'><strong>ad</strong></span> <span class='ocrx_word' id='word_1_50' title='bbox 1009 921 1253 977; x_wconf 90' lang='lat' dir='ltr'><strong>ultimum</strong></span> <span class='ocrx_word' id='word_1_51' title='bbox 1275 920 1422 977; x_wconf 85' lang='lat' dir='ltr'><strong>dolet</strong></span> <span class='ocrx_word' id='word_1_52' title='bbox 1445 919 1666 992; x_wconf 83' lang='lat' dir='ltr'><strong>quando</strong></span> <span class='ocrx_word' id='word_1_53' title='bbox 1695 916 1874 991; x_wconf 85' lang='lat' dir='ltr'><strong>perdit</strong></span> <span class='ocrx_word' id='word_1_54' title='bbox 1893 919 2037 992; x_wconf 90' lang='lat' dir='ltr'><strong>quod</strong></span> 
     </span>
    </p>
   </div>
   <div class='ocr_carea' id='block_1_9' title="bbox 439 1015 2041 1092">
    <p class='ocr_par' dir='ltr' id='par_1_9' title="bbox 439 1015 2041 1092">
     <span class='ocr_line' id='line_1_9' title="bbox 439 1015 2041 1092; baseline -0.004 -14"><span class='ocrx_word' id='word_1_55' title='bbox 439 1021 779 1078; x_wconf 81' lang='lat' dir='ltr'><strong>obtinuerat.</strong></span> <span class='ocrx_word' id='word_1_56' title='bbox 820 1019 1135 1092; x_wconf 90' lang='lat' dir='ltr'><strong>Discipulus</strong></span> <span class='ocrx_word' id='word_1_57' title='bbox 1154 1019 1417 1091; x_wconf 83' lang='lat' dir='ltr'><strong>magistro</strong></span> <span class='ocrx_word' id='word_1_58' title='bbox 1440 1033 1455 1081; x_wconf 87' lang='lat'><strong>;</strong></span> <span class='ocrx_word' id='word_1_59' title='bbox 1482 1015 1689 1073; x_wconf 84' lang='lat' dir='ltr'><strong>Laudas</strong></span> <span class='ocrx_word' id='word_1_60' title='bbox 1710 1015 2041 1090; x_wconf 75' lang='lat' dir='ltr'><strong>congregari</strong></span> 
     </span>
    </p>
   </div>
   <div class='ocr_carea' id='block_1_10' title="bbox 440 1105 2038 1182">
    <p class='ocr_par' dir='ltr' id='par_1_10' title="bbox 440 1105 2038 1182">
     <span class='ocr_line' id='line_1_10' title="bbox 440 1105 2038 1182; baseline -0.004 -15"><span class='ocrx_word' id='word_1_61' title='bbox 440 1109 727 1182; x_wconf 84' lang='lat' dir='ltr'><strong>pecuniam</strong></span> <span class='ocrx_word' id='word_1_62' title='bbox 754 1108 783 1163; x_wconf 83' lang='lat'><strong>?</strong></span> <span class='ocrx_word' id='word_1_63' title='bbox 810 1108 1109 1180; x_wconf 79' lang='lat' dir='ltr'><strong>Magister:</strong></span> <span class='ocrx_word' id='word_1_64' title='bbox 1142 1109 1243 1174; x_wconf 86' lang='lat' dir='ltr'><strong>lta,</strong></span> <span class='ocrx_word' id='word_1_65' title='bbox 1279 1107 1503 1180; x_wconf 88' lang='lat' dir='ltr'><strong>acquire</strong></span> <span class='ocrx_word' id='word_1_66' title='bbox 1528 1108 1676 1177; x_wconf 90' lang='lat' dir='ltr'><strong>juste</strong></span> <span class='ocrx_word' id='word_1_67' title='bbox 1725 1114 1778 1162; x_wconf 90' lang='lat' dir='ltr'><strong>et</strong></span> <span class='ocrx_word' id='word_1_68' title='bbox 1804 1105 1862 1161; x_wconf 90' lang='lat' dir='ltr'><strong>in</strong></span> <span class='ocrx_word' id='word_1_69' title='bbox 1892 1106 2038 1161; x_wconf 91' lang='lat' dir='ltr'><strong>bono</strong></span> 
     </span>
    </p>
   </div>
   <div class='ocr_carea' id='block_1_11' title="bbox 440 1195 2039 1270">
    <p class='ocr_par' dir='ltr' id='par_1_11' title="bbox 440 1195 2039 1270">
     <span class='ocr_line' id='line_1_11' title="bbox 440 1195 2039 1270; baseline -0.003 -16"><span class='ocrx_word' id='word_1_70' title='bbox 440 1197 706 1270; x_wconf 83' lang='lat' dir='ltr'><strong>expende,</strong></span> <span class='ocrx_word' id='word_1_71' title='bbox 737 1213 841 1254; x_wconf 91' lang='lat' dir='ltr'><strong>nec</strong></span> <span class='ocrx_word' id='word_1_72' title='bbox 872 1198 922 1253; x_wconf 90' lang='lat' dir='ltr'><strong>in</strong></span> <span class='ocrx_word' id='word_1_73' title='bbox 956 1198 1217 1253; x_wconf 85' lang='lat' dir='ltr'><strong>thesauro</strong></span> <span class='ocrx_word' id='word_1_74' title='bbox 1262 1197 1523 1252; x_wconf 87' lang='lat' dir='ltr'><strong>reconde.</strong></span> <span class='ocrx_word' id='word_1_75' title='bbox 1566 1196 1748 1251; x_wconf 79' lang='lat' dir='ltr'><strong>Alius:</strong></span> <span class='ocrx_word' id='word_1_76' title='bbox 1782 1196 1864 1251; x_wconf 84' lang='lat' dir='ltr'><strong>Ne</strong></span> <span class='ocrx_word' id='word_1_77' title='bbox 1892 1195 2039 1250; x_wconf 86' lang='lat' dir='ltr'><strong>desi-</strong></span> 
     </span>
    </p>
   </div>
   <div class='ocr_carea' id='block_1_12' title="bbox 439 1283 2032 1349">
    <p class='ocr_par' dir='ltr' id='par_1_12' title="bbox 439 1283 2032 1349">
     <span class='ocr_line' id='line_1_12' title="bbox 439 1283 2032 1349; baseline -0.003 -6"><span class='ocrx_word' id='word_1_78' title='bbox 439 1288 597 1344; x_wconf 89' lang='lat' dir='ltr'><strong>deres</strong></span> <span class='ocrx_word' id='word_1_79' title='bbox 643 1303 735 1342; x_wconf 86' lang='lat' dir='ltr'><strong>res</strong></span> <span class='ocrx_word' id='word_1_80' title='bbox 791 1286 1016 1341; x_wconf 87' lang='lat' dir='ltr'><strong>alterius</strong></span> <span class='ocrx_word' id='word_1_81' title='bbox 1073 1295 1225 1342; x_wconf 90' lang='lat' dir='ltr'><strong>etne</strong></span> <span class='ocrx_word' id='word_1_82' title='bbox 1275 1285 1466 1342; x_wconf 89' lang='lat' dir='ltr'><strong>doleas</strong></span> <span class='ocrx_word' id='word_1_83' title='bbox 1496 1286 1568 1341; x_wconf 90' lang='lat' dir='ltr'><strong>de</strong></span> <span class='ocrx_word' id='word_1_84' title='bbox 1602 1284 1820 1340; x_wconf 89' lang='lat' dir='ltr'><strong>amissis</strong></span> <span class='ocrx_word' id='word_1_85' title='bbox 1844 1283 2032 1349; x_wconf 87' lang='lat' dir='ltr'><strong>rebus,</strong></span> 
     </span>
    </p>
   </div>
   <div class='ocr_carea' id='block_1_13' title="bbox 440 1379 2033 1455">
    <p class='ocr_par' dir='ltr' id='par_1_13' title="bbox 440 1379 2033 1455">
     <span class='ocr_line' id='line_1_13' title="bbox 440 1379 2033 1455; baseline -0.001 -16"><span class='ocrx_word' id='word_1_86' title='bbox 440 1382 696 1455; x_wconf 88' lang='lat' dir='ltr'><strong>quoniam</strong></span> <span class='ocrx_word' id='word_1_87' title='bbox 723 1383 912 1440; x_wconf 89' lang='lat' dir='ltr'><strong>dolore</strong></span> <span class='ocrx_word' id='word_1_88' title='bbox 940 1383 1076 1439; x_wconf 91' lang='lat' dir='ltr'><strong>nihil</strong></span> <span class='ocrx_word' id='word_1_89' title='bbox 1092 1383 1197 1440; x_wconf 86' lang='lat' dir='ltr'><strong>erit</strong></span> <span class='ocrx_word' id='word_1_90' title='bbox 1227 1382 1629 1454; x_wconf 88' lang='lat' dir='ltr'><strong>recuperabile,</strong></span> <span class='ocrx_word' id='word_1_91' title='bbox 1652 1381 1794 1438; x_wconf 89' lang='lat' dir='ltr'><strong>unde</strong></span> <span class='ocrx_word' id='word_1_92' title='bbox 1808 1379 2033 1438; x_wconf 88' lang='lat' dir='ltr'><strong>dicitur:</strong></span> 
     </span>
    </p>
   </div>
   <div class='ocr_carea' id='block_1_14' title="bbox 1029 1486 1464 1542">
    <p class='ocr_par' dir='ltr' id='par_1_14' title="bbox 1029 1486 1464 1542">
     <span class='ocr_line' id='line_1_14' title="bbox 1029 1486 1464 1542; baseline -0.002 0"><span class='ocrx_word' id='word_1_93' title='bbox 1029 1487 1299 1542; x_wconf 82' lang='lat' dir='ltr'><strong>FABULA</strong></span> <span class='ocrx_word' id='word_1_94' title='bbox 1338 1486 1464 1542; x_wconf 84' lang='lat' dir='ltr'><strong>XX.</strong></span> 
     </span>
    </p>
   </div>
   <div class='ocr_carea' id='block_1_15' title="bbox 510 1592 2038 1668">
    <p class='ocr_par' dir='ltr' id='par_1_15' title="bbox 510 1592 2038 1668">
     <span class='ocr_line' id='line_1_15' title="bbox 510 1592 2038 1668; baseline -0.002 -18"><span class='ocrx_word' id='word_1_95' title='bbox 510 1594 750 1665; x_wconf 86' lang='lat' dir='ltr'><strong>Quidam</strong></span> <span class='ocrx_word' id='word_1_96' title='bbox 784 1594 975 1650; x_wconf 87' lang='lat' dir='ltr'><strong>habuit</strong></span> <span class='ocrx_word' id='word_1_97' title='bbox 1002 1594 1300 1668; x_wconf 77' lang='lat' dir='ltr'><strong>virgultum</strong></span> <span class='ocrx_word' id='word_1_98' title='bbox 1321 1592 1375 1648; x_wconf 92' lang='lat' dir='ltr'><strong>in</strong></span> <span class='ocrx_word' id='word_1_99' title='bbox 1404 1609 1510 1664; x_wconf 92' lang='lat' dir='ltr'><strong>quo</strong></span> <span class='ocrx_word' id='word_1_100' title='bbox 1531 1592 1717 1648; x_wconf 88' lang='lat' dir='ltr'><strong>rivulis</strong></span> <span class='ocrx_word' id='word_1_101' title='bbox 1745 1592 2038 1649; x_wconf 83' lang='lat' dir='ltr'><strong>ﬂuentibus</strong></span> 
     </span>
    </p>
   </div>
   <div class='ocr_carea' id='block_1_16' title="bbox 435 1680 2034 1754">
    <p class='ocr_par' dir='ltr' id='par_1_16' title="bbox 435 1680 2034 1754">
     <span class='ocr_line' id='line_1_16' title="bbox 435 1680 2034 1754; baseline 0 -16"><span class='ocrx_word' id='word_1_102' title='bbox 435 1683 604 1739; x_wconf 85' lang='lat' dir='ltr'><strong>herba</strong></span> <span class='ocrx_word' id='word_1_103' title='bbox 634 1683 826 1738; x_wconf 90' lang='lat' dir='ltr'><strong>viridis</strong></span> <span class='ocrx_word' id='word_1_104' title='bbox 869 1691 1007 1750; x_wconf 86' lang='lat' dir='ltr'><strong>erat,</strong></span> <span class='ocrx_word' id='word_1_105' title='bbox 1048 1690 1102 1739; x_wconf 89' lang='lat' dir='ltr'><strong>et</strong></span> <span class='ocrx_word' id='word_1_106' title='bbox 1143 1699 1245 1754; x_wconf 86' lang='lat' dir='ltr'><strong>pro</strong></span> <span class='ocrx_word' id='word_1_107' title='bbox 1293 1683 1574 1738; x_wconf 87' lang='lat' dir='ltr'><strong>habilitate</strong></span> <span class='ocrx_word' id='word_1_108' title='bbox 1604 1680 1710 1738; x_wconf 91' lang='lat' dir='ltr'><strong>loci</strong></span> <span class='ocrx_word' id='word_1_109' title='bbox 1740 1683 2034 1739; x_wconf 89' lang='lat' dir='ltr'><strong>convenie-</strong></span> 
     </span>
    </p>
   </div>
   <div class='ocr_carea' id='block_1_17' title="bbox 438 1776 2035 1837">
    <p class='ocr_par' dir='ltr' id='par_1_17' title="bbox 438 1776 2035 1837">
     <span class='ocr_line' id='line_1_17' title="bbox 438 1776 2035 1837; baseline 0 -3"><span class='ocrx_word' id='word_1_110' title='bbox 438 1780 569 1835; x_wconf 85' lang='lat' dir='ltr'><strong>bant</strong></span> <span class='ocrx_word' id='word_1_111' title='bbox 597 1780 673 1835; x_wconf 89' lang='lat' dir='ltr'><strong>ibi</strong></span> <span class='ocrx_word' id='word_1_112' title='bbox 702 1780 957 1836; x_wconf 83' lang='lat' dir='ltr'><strong>volucres</strong></span> <span class='ocrx_word' id='word_1_113' title='bbox 988 1780 1359 1837; x_wconf 84' lang='lat' dir='ltr'><strong>modulamine</strong></span> <span class='ocrx_word' id='word_1_114' title='bbox 1397 1796 1594 1837; x_wconf 90' lang='lat' dir='ltr'><strong>vocum</strong></span> <span class='ocrx_word' id='word_1_115' title='bbox 1622 1786 1817 1835; x_wconf 90' lang='lat' dir='ltr'><strong>cantus</strong></span> <span class='ocrx_word' id='word_1_116' title='bbox 1846 1776 2035 1835; x_wconf 86' lang='lat' dir='ltr'><strong>diver-</strong></span> 
     </span>
    </p>
   </div>
   <div class='ocr_carea' id='block_1_18' title="bbox 435 1866 2118 1949">
    <p class='ocr_par' dir='ltr' id='par_1_18' title="bbox 435 1866 2118 1949">
     <span class='ocr_line' id='line_1_18' title="bbox 435 1866 2118 1949; baseline -0.001 -25"><span class='ocrx_word' id='word_1_117' title='bbox 435 1884 534 1924; x_wconf 82' lang='lat' dir='ltr'><strong>sos</strong></span> <span class='ocrx_word' id='word_1_118' title='bbox 564 1877 919 1925; x_wconf 80' lang='lat' dir='ltr'><strong>exercentes.</strong></span> <span class='ocrx_word' id='word_1_119' title='bbox 967 1867 1215 1938; x_wconf 89' lang='lat' dir='ltr'><strong>Quadam</strong></span> <span class='ocrx_word' id='word_1_120' title='bbox 1265 1869 1354 1924; x_wconf 89' lang='lat' dir='ltr'><strong>die</strong></span> <span class='ocrx_word' id='word_1_121' title='bbox 1383 1869 1508 1924; x_wconf 89' lang='lat' dir='ltr'><strong>dum</strong></span> <span class='ocrx_word' id='word_1_122' title='bbox 1542 1869 1596 1923; x_wconf 91' lang='lat' dir='ltr'><strong>in</strong></span> <span class='ocrx_word' id='word_1_123' title='bbox 1626 1883 1726 1924; x_wconf 91' lang='lat' dir='ltr'><strong>suo</strong></span> <span class='ocrx_word' id='word_1_124' title='bbox 1775 1866 2035 1939; x_wconf 84' lang='lat' dir='ltr'><strong>fatigatus</strong></span> <span class='ocrx_word' id='word_1_125' title='bbox 2063 1885 2118 1949; x_wconf 76' lang='grc' dir='ltr'>Β</span> 
     </span>
    </p>
   </div>
   <div class='ocr_carea' id='block_1_19' title="bbox 435 1956 2037 2030">
    <p class='ocr_par' dir='ltr' id='par_1_19' title="bbox 435 1956 2037 2030">
     <span class='ocr_line' id='line_1_19' title="bbox 435 1956 2037 2030; baseline 0 -18"><span class='ocrx_word' id='word_1_126' title='bbox 435 1958 747 2028; x_wconf 85' lang='lat' dir='ltr'><strong>quiesceret</strong></span> <span class='ocrx_word' id='word_1_127' title='bbox 778 1958 1047 2028; x_wconf 87' lang='lat' dir='ltr'><strong>pomerio,</strong></span> <span class='ocrx_word' id='word_1_128' title='bbox 1074 1958 1325 2030; x_wconf 67' lang='lat' dir='ltr'><strong>qumdam</strong></span> <span class='ocrx_word' id='word_1_129' title='bbox 1341 1957 1563 2014; x_wconf 87' lang='lat' dir='ltr'><strong>avicula</strong></span> <span class='ocrx_word' id='word_1_130' title='bbox 1592 1973 1755 2030; x_wconf 87' lang='lat' dir='ltr'><strong>super</strong></span> <span class='ocrx_word' id='word_1_131' title='bbox 1782 1956 2037 2014; x_wconf 87' lang='lat' dir='ltr'><strong>arborem</strong></span> 
     </span>
    </p>
   </div>
   <div class='ocr_carea' id='block_1_20' title="bbox 431 2053 2037 2125">
    <p class='ocr_par' dir='ltr' id='par_1_20' title="bbox 431 2053 2037 2125">
     <span class='ocr_line' id='line_1_20' title="bbox 431 2053 2037 2125; baseline 0.001 -15"><span class='ocrx_word' id='word_1_132' title='bbox 431 2056 703 2111; x_wconf 88' lang='lat' dir='ltr'><strong>cantando</strong></span> <span class='ocrx_word' id='word_1_133' title='bbox 728 2054 1128 2111; x_wconf 87' lang='lat' dir='ltr'><strong>delectabiliter</strong></span> <span class='ocrx_word' id='word_1_134' title='bbox 1155 2054 1323 2111; x_wconf 91' lang='lat' dir='ltr'><strong>sedit.</strong></span> <span class='ocrx_word' id='word_1_135' title='bbox 1382 2054 1557 2125; x_wconf 86' lang='lat' dir='ltr'><strong>Quam</strong></span> <span class='ocrx_word' id='word_1_136' title='bbox 1590 2060 1647 2110; x_wconf 90' lang='lat' dir='ltr'><strong>ut</strong></span> <span class='ocrx_word' id='word_1_137' title='bbox 1675 2053 1811 2111; x_wconf 85' lang='lat' dir='ltr'><strong>vidit</strong></span> <span class='ocrx_word' id='word_1_138' title='bbox 1839 2062 1890 2110; x_wconf 91' lang='lat' dir='ltr'><strong>et</strong></span> <span class='ocrx_word' id='word_1_139' title='bbox 1919 2053 2037 2124; x_wconf 89' lang='lat' dir='ltr'><strong>ejus</strong></span> 
     </span>
    </p>
   </div>
   <div class='ocr_carea' id='block_1_21' title="bbox 434 2142 2036 2217">
    <p class='ocr_par' dir='ltr' id='par_1_21' title="bbox 434 2142 2036 2217">
     <span class='ocr_line' id='line_1_21' title="bbox 434 2142 2036 2217; baseline 0.001 -20"><span class='ocrx_word' id='word_1_140' title='bbox 434 2151 650 2197; x_wconf 86' lang='lat' dir='ltr'><strong>cantum</strong></span> <span class='ocrx_word' id='word_1_141' title='bbox 684 2142 912 2209; x_wconf 85' lang='lat' dir='ltr'><strong>audivit,</strong></span> <span class='ocrx_word' id='word_1_142' title='bbox 943 2143 1230 2215; x_wconf 88' lang='lat' dir='ltr'><strong>deceptam</strong></span> <span class='ocrx_word' id='word_1_143' title='bbox 1259 2142 1455 2216; x_wconf 87' lang='lat' dir='ltr'><strong>laqueo</strong></span> <span class='ocrx_word' id='word_1_144' title='bbox 1475 2145 1733 2215; x_wconf 84' lang='lat' dir='ltr'><strong>sumpsit.</strong></span> <span class='ocrx_word' id='word_1_145' title='bbox 1764 2144 1845 2198; x_wconf 82' lang='lat' dir='ltr'><strong>Ad</strong></span> <span class='ocrx_word' id='word_1_146' title='bbox 1874 2160 2036 2217; x_wconf 90' lang='lat' dir='ltr'><strong>quem</strong></span> 
     </span>
    </p>
   </div>
   <div class='ocr_carea' id='block_1_22' title="bbox 432 2229 2036 2306">
    <p class='ocr_par' dir='ltr' id='par_1_22' title="bbox 432 2229 2036 2306">
     <span class='ocr_line' id='line_1_22' title="bbox 432 2229 2036 2306; baseline 0.003 -23"><span class='ocrx_word' id='word_1_147' title='bbox 432 2229 584 2288; x_wconf 87' lang='lat' dir='ltr'><strong>avis:</strong></span> <span class='ocrx_word' id='word_1_148' title='bbox 620 2230 729 2286; x_wconf 91' lang='lat' dir='ltr'><strong>Cur</strong></span> <span class='ocrx_word' id='word_1_149' title='bbox 784 2236 988 2286; x_wconf 87' lang='lat' dir='ltr'><strong>tantum</strong></span> <span class='ocrx_word' id='word_1_150' title='bbox 1048 2232 1316 2288; x_wconf 87' lang='lat' dir='ltr'><strong>laborasti</strong></span> <span class='ocrx_word' id='word_1_151' title='bbox 1373 2248 1463 2288; x_wconf 92' lang='lat' dir='ltr'><strong>me</strong></span> <span class='ocrx_word' id='word_1_152' title='bbox 1518 2248 1739 2305; x_wconf 87' lang='lat' dir='ltr'><strong>capere,</strong></span> <span class='ocrx_word' id='word_1_153' title='bbox 1775 2232 1865 2288; x_wconf 88' lang='lat' dir='ltr'><strong>vel</strong></span> <span class='ocrx_word' id='word_1_154' title='bbox 1891 2233 2036 2306; x_wconf 76' lang='lat' dir='ltr'><strong>quod</strong></span> 
     </span>
    </p>
   </div>
   <div class='ocr_carea' id='block_1_23' title="bbox 431 2326 2035 2400">
    <p class='ocr_par' dir='ltr' id='par_1_23' title="bbox 431 2326 2035 2400">
     <span class='ocr_line' id='line_1_23' title="bbox 431 2326 2035 2400; baseline 0.001 -17"><span class='ocrx_word' id='word_1_155' title='bbox 431 2326 737 2397; x_wconf 85' lang='lat' dir='ltr'><strong>proﬁcuum</strong></span> <span class='ocrx_word' id='word_1_156' title='bbox 767 2327 821 2381; x_wconf 91' lang='lat' dir='ltr'><strong>in</strong></span> <span class='ocrx_word' id='word_1_157' title='bbox 848 2343 974 2384; x_wconf 90' lang='lat' dir='ltr'><strong>mea</strong></span> <span class='ocrx_word' id='word_1_158' title='bbox 996 2328 1256 2400; x_wconf 86' lang='lat' dir='ltr'><strong>captione</strong></span> <span class='ocrx_word' id='word_1_159' title='bbox 1285 2328 1519 2400; x_wconf 87' lang='lat' dir='ltr'><strong>sperasti</strong></span> <span class='ocrx_word' id='word_1_160' title='bbox 1548 2329 1774 2384; x_wconf 79' lang='lat' dir='ltr'><strong>habere.</strong></span> <span class='ocrx_word' id='word_1_161' title='bbox 1807 2330 1890 2385; x_wconf 81' lang='lat' dir='ltr'><strong>Ad</strong></span> <span class='ocrx_word' id='word_1_162' title='bbox 1919 2330 2035 2385; x_wconf 71' lang='lat' dir='ltr'><strong>haec</strong></span> 
     </span>
    </p>
   </div>
   <div class='ocr_carea' id='block_1_24' title="bbox 431 2415 2036 2489">
    <p class='ocr_par' dir='ltr' id='par_1_24' title="bbox 431 2415 2036 2489">
     <span class='ocr_line' id='line_1_24' title="bbox 431 2415 2036 2489; baseline 0.004 -20"><span class='ocrx_word' id='word_1_163' title='bbox 431 2416 632 2472; x_wconf 84' lang='lat' dir='ltr'><strong>homo:</strong></span> <span class='ocrx_word' id='word_1_164' title='bbox 668 2415 828 2472; x_wconf 91' lang='lat' dir='ltr'><strong>Solos</strong></span> <span class='ocrx_word' id='word_1_165' title='bbox 856 2425 1050 2473; x_wconf 89' lang='lat' dir='ltr'><strong>cantus</strong></span> <span class='ocrx_word' id='word_1_166' title='bbox 1082 2428 1205 2473; x_wconf 88' lang='lat' dir='ltr'><strong>tuos</strong></span> <span class='ocrx_word' id='word_1_167' title='bbox 1222 2419 1409 2474; x_wconf 87' lang='lat' dir='ltr'><strong>audire</strong></span> <span class='ocrx_word' id='word_1_168' title='bbox 1433 2419 1617 2489; x_wconf 89' lang='lat' dir='ltr'><strong>cupio.</strong></span> <span class='ocrx_word' id='word_1_169' title='bbox 1642 2419 1740 2474; x_wconf 89' lang='lat' dir='ltr'><strong>Cui</strong></span> <span class='ocrx_word' id='word_1_170' title='bbox 1760 2420 1905 2474; x_wconf 90' lang='lat' dir='ltr'><strong>avis:</strong></span> <span class='ocrx_word' id='word_1_171' title='bbox 1931 2421 2036 2475; x_wconf 89' lang='lat' dir='ltr'><strong>Pro</strong></span> 
     </span>
    </p>
   </div>
   <div class='ocr_carea' id='block_1_25' title="bbox 435 2504 2033 2578">
    <p class='ocr_par' dir='ltr' id='par_1_25' title="bbox 435 2504 2033 2578">
     <span class='ocr_line' id='line_1_25' title="bbox 435 2504 2033 2578; baseline 0.003 -20"><span class='ocrx_word' id='word_1_172' title='bbox 435 2504 632 2573; x_wconf 86' lang='lat' dir='ltr'><strong>nihilo,</strong></span> <span class='ocrx_word' id='word_1_173' title='bbox 668 2506 796 2576; x_wconf 87' lang='lat' dir='ltr'><strong>quia</strong></span> <span class='ocrx_word' id='word_1_174' title='bbox 826 2522 929 2562; x_wconf 90' lang='lat' dir='ltr'><strong>nec</strong></span> <span class='ocrx_word' id='word_1_175' title='bbox 961 2521 1127 2577; x_wconf 87' lang='lat' dir='ltr'><strong>prece</strong></span> <span class='ocrx_word' id='word_1_176' title='bbox 1157 2523 1261 2563; x_wconf 87' lang='lat' dir='ltr'><strong>nec</strong></span> <span class='ocrx_word' id='word_1_177' title='bbox 1298 2508 1474 2578; x_wconf 88' lang='lat' dir='ltr'><strong>pretio</strong></span> <span class='ocrx_word' id='word_1_178' title='bbox 1511 2508 1763 2565; x_wconf 87' lang='lat' dir='ltr'><strong>cantabo.</strong></span> <span class='ocrx_word' id='word_1_179' title='bbox 1797 2512 1865 2563; x_wconf 74' lang='lat' dir='ltr'><strong>At</strong></span> <span class='ocrx_word' id='word_1_180' title='bbox 1905 2508 2033 2563; x_wconf 89' lang='lat' dir='ltr'><strong>ilte:</strong></span> 
     </span>
    </p>
   </div>
   <div class='ocr_carea' id='block_1_26' title="bbox 438 2592 2038 2665">
    <p class='ocr_par' dir='ltr' id='par_1_26' title="bbox 438 2592 2038 2665">
     <span class='ocr_line' id='line_1_26' title="bbox 438 2592 2038 2665; baseline 0.003 -19"><span class='ocrx_word' id='word_1_181' title='bbox 438 2592 560 2647; x_wconf 87' lang='lat' dir='ltr'><strong>Nisi</strong></span> <span class='ocrx_word' id='word_1_182' title='bbox 591 2594 923 2662; x_wconf 86' lang='lat' dir='ltr'><strong>cantaveris,</strong></span> <span class='ocrx_word' id='word_1_183' title='bbox 945 2595 1019 2650; x_wconf 88' lang='lat' dir='ltr'><strong>ite</strong></span> <span class='ocrx_word' id='word_1_184' title='bbox 1040 2596 1349 2652; x_wconf 87' lang='lat' dir='ltr'><strong>comedam.</strong></span> <span class='ocrx_word' id='word_1_185' title='bbox 1376 2597 1444 2651; x_wconf 82' lang='lat' dir='ltr'><strong>Et</strong></span> <span class='ocrx_word' id='word_1_186' title='bbox 1463 2598 1611 2652; x_wconf 89' lang='lat' dir='ltr'><strong>avis:</strong></span> <span class='ocrx_word' id='word_1_187' title='bbox 1646 2597 1933 2665; x_wconf 89' lang='lat' dir='ltr'><strong>Quomodo</strong></span> <span class='ocrx_word' id='word_1_188' title='bbox 1948 2612 2038 2654; x_wconf 87' lang='lat' dir='ltr'><strong>co-</strong></span> 
     </span>
    </p>
   </div>
   <div class='ocr_carea' id='block_1_27' title="bbox 445 2689 2037 2766">
    <p class='ocr_par' dir='ltr' id='par_1_27' title="bbox 445 2689 2037 2766">
     <span class='ocr_line' id='line_1_27' title="bbox 445 2689 2037 2766; baseline 0.003 -23"><span class='ocrx_word' id='word_1_189' title='bbox 445 2689 640 2744; x_wconf 81' lang='lat' dir='ltr'><strong>medas</strong></span> <span class='ocrx_word' id='word_1_190' title='bbox 656 2690 685 2743; x_wconf 65' lang='grc' dir='ltr'><strong>ε)</strong></span> <span class='ocrx_word' id='word_1_191' title='bbox 710 2689 768 2744; x_wconf 88' lang='lat' dir='ltr'><strong>Si</strong></span> <span class='ocrx_word' id='word_1_192' title='bbox 795 2690 1106 2748; x_wconf 88' lang='lat' dir='ltr'><strong>comederis</strong></span> <span class='ocrx_word' id='word_1_193' title='bbox 1134 2700 1345 2748; x_wconf 89' lang='lat' dir='ltr'><strong>coctam</strong></span> <span class='ocrx_word' id='word_1_194' title='bbox 1375 2709 1535 2765; x_wconf 87' lang='lat' dir='ltr'><strong>aqua,</strong></span> <span class='ocrx_word' id='word_1_195' title='bbox 1555 2694 1682 2766; x_wconf 92' lang='lat' dir='ltr'><strong>quid</strong></span> <span class='ocrx_word' id='word_1_196' title='bbox 1700 2693 1898 2749; x_wconf 86' lang='lat' dir='ltr'><strong>valebit</strong></span> <span class='ocrx_word' id='word_1_197' title='bbox 1919 2693 2037 2750; x_wconf 88' lang='lat' dir='ltr'><strong>avis</strong></span> 
     </span>
    </p>
   </div>
   <div class='ocr_carea' id='block_1_28' title="bbox 435 2779 2033 2853">
    <p class='ocr_par' dir='ltr' id='par_1_28' title="bbox 435 2779 2033 2853">
     <span class='ocr_line' id='line_1_28' title="bbox 435 2779 2033 2853; baseline 0.004 -22"><span class='ocrx_word' id='word_1_198' title='bbox 435 2786 547 2832; x_wconf 89' lang='lat' dir='ltr'><strong>tam</strong></span> <span class='ocrx_word' id='word_1_199' title='bbox 578 2783 789 2849; x_wconf 73' lang='lat' dir='ltr'><strong>parva!</strong></span> <span class='ocrx_word' id='word_1_200' title='bbox 818 2779 888 2834; x_wconf 89' lang='lat' dir='ltr'><strong>Et</strong></span> <span class='ocrx_word' id='word_1_201' title='bbox 917 2780 1078 2836; x_wconf 88' lang='lat' dir='ltr'><strong>etiam</strong></span> <span class='ocrx_word' id='word_1_202' title='bbox 1100 2795 1232 2837; x_wconf 89' lang='lat' dir='ltr'><strong>caro</strong></span> <span class='ocrx_word' id='word_1_203' title='bbox 1260 2782 1369 2838; x_wconf 87' lang='lat' dir='ltr'><strong>erit</strong></span> <span class='ocrx_word' id='word_1_204' title='bbox 1392 2782 1625 2853; x_wconf 88' lang='lat' dir='ltr'><strong>hispida.</strong></span> <span class='ocrx_word' id='word_1_205' title='bbox 1645 2784 1701 2839; x_wconf 92' lang='lat' dir='ltr'><strong>Si</strong></span> <span class='ocrx_word' id='word_1_206' title='bbox 1716 2792 1896 2838; x_wconf 88' lang='lat' dir='ltr'><strong>assata</strong></span> <span class='ocrx_word' id='word_1_207' title='bbox 1917 2799 2033 2851; x_wconf 87' lang='lat' dir='ltr'><strong>ero,</strong></span> 
     </span>
    </p>
   </div>
   <div class='ocr_carea' id='block_1_29' title="bbox 430 2876 2034 2944">
    <p class='ocr_par' dir='ltr' id='par_1_29' title="bbox 430 2876 2034 2944">
     <span class='ocr_line' id='line_1_29' title="bbox 430 2876 2034 2944; baseline 0.004 -15"><span class='ocrx_word' id='word_1_208' title='bbox 430 2877 603 2931; x_wconf 89' lang='lat' dir='ltr'><strong>multo</strong></span> <span class='ocrx_word' id='word_1_209' title='bbox 631 2876 815 2932; x_wconf 89' lang='lat' dir='ltr'><strong>minor</strong></span> <span class='ocrx_word' id='word_1_210' title='bbox 845 2877 1042 2944; x_wconf 87' lang='lat' dir='ltr'><strong>fuero;</strong></span> <span class='ocrx_word' id='word_1_211' title='bbox 1077 2880 1174 2933; x_wconf 89' lang='lat' dir='ltr'><strong>sed</strong></span> <span class='ocrx_word' id='word_1_212' title='bbox 1204 2879 1250 2933; x_wconf 89' lang='lat' dir='ltr'><strong>si</strong></span> <span class='ocrx_word' id='word_1_213' title='bbox 1279 2896 1368 2935; x_wconf 89' lang='lat' dir='ltr'><strong>me</strong></span> <span class='ocrx_word' id='word_1_214' title='bbox 1398 2880 1604 2936; x_wconf 88' lang='lat' dir='ltr'><strong>habere</strong></span> <span class='ocrx_word' id='word_1_215' title='bbox 1634 2880 1913 2936; x_wconf 88' lang='lat' dir='ltr'><strong>dimiseris</strong></span> <span class='ocrx_word' id='word_1_216' title='bbox 1929 2897 2034 2937; x_wconf 89' lang='lat' dir='ltr'><strong>ma-</strong></span> 
     </span>
    </p>
   </div>
   <div class='ocr_carea' id='block_1_30' title="bbox 429 2966 2035 3040">
    <p class='ocr_par' dir='ltr' id='par_1_30' title="bbox 429 2966 2035 3040">
     <span class='ocr_line' id='line_1_30' title="bbox 429 2966 2035 3040; baseline 0.005 -22"><span class='ocrx_word' id='word_1_217' title='bbox 429 2979 596 3031; x_wconf 83' lang='lat' dir='ltr'><strong>gnam</strong></span> <span class='ocrx_word' id='word_1_218' title='bbox 629 2966 918 3021; x_wconf 80' lang='lat' dir='ltr'><strong>utilitatem</strong></span> <span class='ocrx_word' id='word_1_219' title='bbox 944 2968 1320 3039; x_wconf 83' lang='lat' dir='ltr'><strong>consequeris.</strong></span> <span class='ocrx_word' id='word_1_220' title='bbox 1346 2969 1525 3026; x_wconf 83' lang='lat' dir='ltr'><strong>Atille</strong></span> <span class='ocrx_word' id='word_1_221' title='bbox 1554 2977 1779 3026; x_wconf 90' lang='lat' dir='ltr'><strong>contra:</strong></span> <span class='ocrx_word' id='word_1_222' title='bbox 1814 2968 1990 3040; x_wconf 87' lang='lat' dir='ltr'><strong>Quam</strong></span> <span class='ocrx_word' id='word_1_223' title='bbox 2007 2972 2035 3026; x_wconf 84' lang='lat'><strong>?</strong></span> 
     </span>
    </p>
   </div>
   <div class='ocr_carea' id='block_1_31' title="bbox 432 3062 2034 3141">
    <p class='ocr_par' dir='ltr' id='par_1_31' title="bbox 432 3062 2034 3141">
     <span class='ocr_line' id='line_1_31' title="bbox 432 3062 2034 3141; baseline 0.006 -26"><span class='ocrx_word' id='word_1_224' title='bbox 432 3062 607 3117; x_wconf 88' lang='lat' dir='ltr'><strong>Avis:</strong></span> <span class='ocrx_word' id='word_1_225' title='bbox 641 3062 944 3119; x_wconf 86' lang='lat' dir='ltr'><strong>Ostendam</strong></span> <span class='ocrx_word' id='word_1_226' title='bbox 977 3064 1075 3118; x_wconf 86' lang='lat' dir='ltr'><strong>tibi</strong></span> <span class='ocrx_word' id='word_1_227' title='bbox 1105 3073 1217 3120; x_wconf 84' lang='lat' dir='ltr'><strong>tres</strong></span> <span class='ocrx_word' id='word_1_228' title='bbox 1247 3067 1526 3138; x_wconf 88' lang='lat' dir='ltr'><strong>sapientes</strong></span> <span class='ocrx_word' id='word_1_229' title='bbox 1570 3068 1850 3124; x_wconf 80' lang='lat' dir='ltr'><strong>manci-ias</strong></span> <span class='ocrx_word' id='word_1_230' title='bbox 1894 3085 2034 3141; x_wconf 87' lang='lat' dir='ltr'><strong>quas</strong></span> 
     </span>
    </p>
   </div>
   <div class='ocr_carea' id='block_1_32' title="bbox 428 3149 2028 3225">
    <p class='ocr_par' dir='ltr' id='par_1_32' title="bbox 428 3149 2028 3225">
     <span class='ocr_line' id='line_1_32' title="bbox 428 3149 2028 3225; baseline 0.006 -21"><span class='ocrx_word' id='word_1_231' title='bbox 428 3149 650 3218; x_wconf 86' lang='lat' dir='ltr'><strong>majoris</strong></span> <span class='ocrx_word' id='word_1_232' title='bbox 680 3152 841 3222; x_wconf 88' lang='lat' dir='ltr'><strong>pretii</strong></span> <span class='ocrx_word' id='word_1_233' title='bbox 872 3151 1040 3209; x_wconf 84' lang='lat' dir='ltr'><strong>facies</strong></span> <span class='ocrx_word' id='word_1_234' title='bbox 1068 3170 1232 3225; x_wconf 88' lang='lat' dir='ltr'><strong>quam</strong></span> <span class='ocrx_word' id='word_1_235' title='bbox 1285 3154 1448 3210; x_wconf 90' lang='lat' dir='ltr'><strong>trium</strong></span> <span class='ocrx_word' id='word_1_236' title='bbox 1496 3156 1786 3213; x_wconf 88' lang='lat' dir='ltr'><strong>vitulorum</strong></span> <span class='ocrx_word' id='word_1_237' title='bbox 1814 3174 2028 3214; x_wconf 83' lang='lat' dir='ltr'><strong>carnes.</strong></span> 
     </span>
    </p>
   </div>
   <div class='ocr_carea' id='block_1_33' title="bbox 2150 646 3748 725">
    <p class='ocr_par' dir='ltr' id='par_1_33' title="bbox 2150 646 3748 725">
     <span class='ocr_line' id='line_1_33' title="bbox 2150 646 3748 725; baseline -0.001 -20"><span class='ocrx_word' id='word_1_238' title='bbox 2150 664 2247 706; x_wconf 90' lang='lat' dir='ltr'><strong>vos</strong></span> <span class='ocrx_word' id='word_1_239' title='bbox 2277 647 2605 705; x_wconf 76' lang='lat' dir='ltr'><strong>comedenti</strong></span> <span class='ocrx_word' id='word_1_240' title='bbox 2640 648 2799 719; x_wconf 89' lang='lat' dir='ltr'><strong>Quod</strong></span> <span class='ocrx_word' id='word_1_241' title='bbox 2828 650 2992 723; x_wconf 87' lang='lat' dir='ltr'><strong>lupus</strong></span> <span class='ocrx_word' id='word_1_242' title='bbox 3024 648 3251 708; x_wconf 87' lang='lat' dir='ltr'><strong>atuliens</strong></span> <span class='ocrx_word' id='word_1_243' title='bbox 3279 651 3575 725; x_wconf 79' lang='lat' dir='ltr'><strong>acquievit,</strong></span> <span class='ocrx_word' id='word_1_244' title='bbox 3599 646 3748 706; x_wconf 89' lang='lat' dir='ltr'><strong>Cum</strong></span> 
     </span>
    </p>
   </div>
   <div class='ocr_carea' id='block_1_34' title="bbox 2147 732 3745 809">
    <p class='ocr_par' dir='ltr' id='par_1_34' title="bbox 2147 732 3745 809">
     <span class='ocr_line' id='line_1_34' title="bbox 2147 732 3745 809; baseline 0.001 -15"><span class='ocrx_word' id='word_1_245' title='bbox 2147 737 2264 796; x_wconf 88' lang='lat' dir='ltr'><strong>dies</strong></span> <span class='ocrx_word' id='word_1_246' title='bbox 2290 736 2590 796; x_wconf 89' lang='lat' dir='ltr'><strong>declinaret</strong></span> <span class='ocrx_word' id='word_1_247' title='bbox 2616 746 2669 795; x_wconf 92' lang='lat' dir='ltr'><strong>et</strong></span> <span class='ocrx_word' id='word_1_248' title='bbox 2693 732 2812 809; x_wconf 88' lang='lat' dir='ltr'><strong>jam</strong></span> <span class='ocrx_word' id='word_1_249' title='bbox 2842 740 3078 798; x_wconf 88' lang='lat' dir='ltr'><strong>rusticus</strong></span> <span class='ocrx_word' id='word_1_250' title='bbox 3107 741 3176 798; x_wconf 92' lang='lat' dir='ltr'><strong>de</strong></span> <span class='ocrx_word' id='word_1_251' title='bbox 3205 749 3388 798; x_wconf 89' lang='lat' dir='ltr'><strong>aratro</strong></span> <span class='ocrx_word' id='word_1_252' title='bbox 3419 741 3588 797; x_wconf 86' lang='lat' dir='ltr'><strong>boves</strong></span> <span class='ocrx_word' id='word_1_253' title='bbox 3616 739 3745 796; x_wconf 80' lang='lat' dir='ltr'><strong>sol-</strong></span> 
     </span>
    </p>
   </div>
   <div class='ocr_carea' id='block_1_35' title="bbox 2147 824 3748 901">
    <p class='ocr_par' dir='ltr' id='par_1_35' title="bbox 2147 824 3748 901">
     <span class='ocr_line' id='line_1_35' title="bbox 2147 824 3748 901; baseline -0.001 -17"><span class='ocrx_word' id='word_1_254' title='bbox 2147 824 2335 898; x_wconf 85' lang='lat' dir='ltr'><strong>visset,</strong></span> <span class='ocrx_word' id='word_1_255' title='bbox 2368 828 2518 884; x_wconf 86' lang='lat' dir='ltr'><strong>venit</strong></span> <span class='ocrx_word' id='word_1_256' title='bbox 2546 828 2618 884; x_wconf 89' lang='lat' dir='ltr'><strong>ad</strong></span> <span class='ocrx_word' id='word_1_257' title='bbox 2663 844 2786 883; x_wconf 89' lang='lat' dir='ltr'><strong>eum</strong></span> <span class='ocrx_word' id='word_1_258' title='bbox 2816 827 2977 901; x_wconf 88' lang='lat' dir='ltr'><strong>lupus</strong></span> <span class='ocrx_word' id='word_1_259' title='bbox 3008 829 3230 886; x_wconf 88' lang='lat' dir='ltr'><strong>dicens:</strong></span> <span class='ocrx_word' id='word_1_260' title='bbox 3277 831 3355 886; x_wconf 88' lang='lat' dir='ltr'><strong>Da</strong></span> <span class='ocrx_word' id='word_1_261' title='bbox 3399 829 3528 884; x_wconf 90' lang='lat' dir='ltr'><strong>mihi</strong></span> <span class='ocrx_word' id='word_1_262' title='bbox 3566 828 3748 884; x_wconf 83' lang='lat' dir='ltr'><strong>boves</strong></span> 
     </span>
    </p>
   </div>
   <div class='ocr_carea' id='block_1_36' title="bbox 2147 924 3746 1005">
    <p class='ocr_par' dir='ltr' id='par_1_36' title="bbox 2147 924 3746 1005">
     <span class='ocr_line' id='line_1_36' title="bbox 2147 924 3746 1005; baseline -0.002 -23"><span class='ocrx_word' id='word_1_263' title='bbox 2147 942 2285 1000; x_wconf 90' lang='lat' dir='ltr'><strong>quos</strong></span> <span class='ocrx_word' id='word_1_264' title='bbox 2316 926 2638 999; x_wconf 88' lang='lat' dir='ltr'><strong>promisisti.</strong></span> <span class='ocrx_word' id='word_1_265' title='bbox 2694 924 2779 981; x_wconf 83' lang='lat' dir='ltr'><strong>Ad</strong></span> <span class='ocrx_word' id='word_1_266' title='bbox 2830 928 2949 985; x_wconf 62' lang='lat' dir='ltr'><strong>haec</strong></span> <span class='ocrx_word' id='word_1_267' title='bbox 2993 937 3175 985; x_wconf 90' lang='lat' dir='ltr'><strong>arator</strong></span> <span class='ocrx_word' id='word_1_268' title='bbox 3206 948 3218 983; x_wconf 95' lang='lat'><strong>:</strong></span> <span class='ocrx_word' id='word_1_269' title='bbox 3252 927 3308 983; x_wconf 88' lang='lat' dir='ltr'><strong>Si</strong></span> <span class='ocrx_word' id='word_1_270' title='bbox 3344 926 3569 983; x_wconf 87' lang='lat' dir='ltr'><strong>verbum</strong></span> <span class='ocrx_word' id='word_1_271' title='bbox 3600 924 3746 1005; x_wconf 56' lang='lat' dir='ltr'><strong>dixi,</strong></span> 
     </span>
    </p>
   </div>
   <div class='ocr_carea' id='block_1_37' title="bbox 2146 1015 3748 1091">
    <p class='ocr_par' dir='ltr' id='par_1_37' title="bbox 2146 1015 3748 1091">
     <span class='ocr_line' id='line_1_37' title="bbox 2146 1015 3748 1091; baseline -0.002 -18"><span class='ocrx_word' id='word_1_272' title='bbox 2146 1034 2255 1073; x_wconf 88' lang='lat' dir='ltr'><strong>non</strong></span> <span class='ocrx_word' id='word_1_273' title='bbox 2285 1027 2628 1076; x_wconf 89' lang='lat' dir='ltr'><strong>sacramento</strong></span> <span class='ocrx_word' id='word_1_274' title='bbox 2654 1019 2896 1077; x_wconf 87' lang='lat' dir='ltr'><strong>ﬁrmavi.</strong></span> <span class='ocrx_word' id='word_1_275' title='bbox 2938 1020 3008 1075; x_wconf 87' lang='lat' dir='ltr'><strong>Et</strong></span> <span class='ocrx_word' id='word_1_276' title='bbox 3047 1018 3208 1091; x_wconf 90' lang='lat' dir='ltr'><strong>lupus</strong></span> <span class='ocrx_word' id='word_1_277' title='bbox 3254 1024 3481 1074; x_wconf 85' lang='lat' dir='ltr'><strong>contra:</strong></span> <span class='ocrx_word' id='word_1_278' title='bbox 3516 1015 3748 1070; x_wconf 82' lang='lat' dir='ltr'><strong>Habere</strong></span> 
     </span>
    </p>
   </div>
   <div class='ocr_carea' id='block_1_38' title="bbox 2145 1101 3747 1180">
    <p class='ocr_par' dir='ltr' id='par_1_38' title="bbox 2145 1101 3747 1180">
     <span class='ocr_line' id='line_1_38' title="bbox 2145 1101 3747 1180; baseline -0.004 -17"><span class='ocrx_word' id='word_1_279' title='bbox 2145 1107 2320 1164; x_wconf 91' lang='lat' dir='ltr'><strong>debeo</strong></span> <span class='ocrx_word' id='word_1_280' title='bbox 2350 1107 2473 1180; x_wconf 90' lang='lat' dir='ltr'><strong>quia</strong></span> <span class='ocrx_word' id='word_1_281' title='bbox 2502 1109 2847 1166; x_wconf 86' lang='lat' dir='ltr'><strong>concessisti.</strong></span> <span class='ocrx_word' id='word_1_282' title='bbox 2892 1108 3152 1164; x_wconf 86' lang='lat' dir='ltr'><strong>Dixerunt</strong></span> <span class='ocrx_word' id='word_1_283' title='bbox 3176 1103 3392 1162; x_wconf 85' lang='lat' dir='ltr'><strong>tandem</strong></span> <span class='ocrx_word' id='word_1_284' title='bbox 3422 1101 3568 1178; x_wconf 91' lang='lat' dir='ltr'><strong>quod</strong></span> <span class='ocrx_word' id='word_1_285' title='bbox 3597 1103 3747 1159; x_wconf 86' lang='lat' dir='ltr'><strong>irent</strong></span> 
     </span>
    </p>
   </div>
   <div class='ocr_carea' id='block_1_39' title="bbox 2143 1202 3745 1281">
    <p class='ocr_par' dir='ltr' id='par_1_39' title="bbox 2143 1202 3745 1281">
     <span class='ocr_line' id='line_1_39' title="bbox 2143 1202 3745 1281; baseline -0.001 -20"><span class='ocrx_word' id='word_1_286' title='bbox 2143 1206 2212 1261; x_wconf 91' lang='lat' dir='ltr'><strong>ad</strong></span> <span class='ocrx_word' id='word_1_287' title='bbox 2236 1206 2521 1276; x_wconf 85' lang='lat' dir='ltr'><strong>judicium.</strong></span> <span class='ocrx_word' id='word_1_288' title='bbox 2557 1206 2717 1277; x_wconf 87' lang='lat' dir='ltr'><strong>Quod</strong></span> <span class='ocrx_word' id='word_1_289' title='bbox 2755 1208 2882 1264; x_wconf 89' lang='lat' dir='ltr'><strong>dum</strong></span> <span class='ocrx_word' id='word_1_290' title='bbox 2913 1207 3153 1265; x_wconf 81' lang='lat' dir='ltr'><strong>facerent</strong></span> <span class='ocrx_word' id='word_1_291' title='bbox 3184 1206 3332 1281; x_wconf 87' lang='lat' dir='ltr'><strong>vulpi</strong></span> <span class='ocrx_word' id='word_1_292' title='bbox 3361 1202 3745 1261; x_wconf 87' lang='lat' dir='ltr'><strong>obviaverunt.</strong></span> 
     </span>
    </p>
   </div>
   <div class='ocr_carea' id='block_1_40' title="bbox 2144 1286 3743 1369">
    <p class='ocr_par' dir='ltr' id='par_1_40' title="bbox 2144 1286 3743 1369">
     <span class='ocr_line' id='line_1_40' title="bbox 2144 1286 3743 1369; baseline -0.004 -18"><span class='ocrx_word' id='word_1_293' title='bbox 2144 1294 2355 1365; x_wconf 83' lang='lat' dir='ltr'><strong>Quibus</strong></span> <span class='ocrx_word' id='word_1_294' title='bbox 2396 1294 2724 1353; x_wconf 84' lang='lat' dir='ltr'><strong>adeuntibus</strong></span> <span class='ocrx_word' id='word_1_295' title='bbox 2782 1291 2855 1352; x_wconf 85' lang='lat' dir='ltr'><strong>ait</strong></span> <span class='ocrx_word' id='word_1_296' title='bbox 2910 1296 3136 1369; x_wconf 86' lang='lat' dir='ltr'><strong>vulpes:</strong></span> <span class='ocrx_word' id='word_1_297' title='bbox 3188 1295 3308 1367; x_wconf 89' lang='lat' dir='ltr'><strong>Quo</strong></span> <span class='ocrx_word' id='word_1_298' title='bbox 3357 1286 3743 1351; x_wconf 62' lang='lat' dir='ltr'><strong>tenditiSYIlll</strong></span> 
     </span>
    </p>
   </div>
   <div class='ocr_carea' id='block_1_41' title="bbox 2144 1388 3738 1468">
    <p class='ocr_par' dir='ltr' id='par_1_41' title="bbox 2144 1388 3738 1468">
     <span class='ocr_line' id='line_1_41' title="bbox 2144 1388 3738 1468; baseline -0.003 -17"><span class='ocrx_word' id='word_1_299' title='bbox 2144 1395 2289 1467; x_wconf 87' lang='lat' dir='ltr'><strong>quod</strong></span> <span class='ocrx_word' id='word_1_300' title='bbox 2322 1393 2520 1454; x_wconf 78' lang='lat' dir='ltr'><strong>factum</strong></span> <span class='ocrx_word' id='word_1_301' title='bbox 2553 1395 2724 1454; x_wconf 79' lang='lat' dir='ltr'><strong>fuerat</strong></span> <span class='ocrx_word' id='word_1_302' title='bbox 2750 1405 3115 1453; x_wconf 88' lang='lat' dir='ltr'><strong>narraverunt</strong></span> <span class='ocrx_word' id='word_1_303' title='bbox 3137 1394 3305 1468; x_wconf 85' lang='lat' dir='ltr'><strong>vulpi.</strong></span> <span class='ocrx_word' id='word_1_304' title='bbox 3325 1390 3534 1464; x_wconf 84' lang='lat' dir='ltr'><strong>Quibus</strong></span> <span class='ocrx_word' id='word_1_305' title='bbox 3560 1388 3697 1448; x_wconf 82' lang='lat' dir='ltr'><strong>dixit</strong></span> <span class='ocrx_word' id='word_1_306' title='bbox 3726 1405 3738 1446; x_wconf 86' lang='lat'><strong>:</strong></span> 
     </span>
    </p>
   </div>
   <div class='ocr_carea' id='block_1_42' title="bbox 2144 1484 3741 1560">
    <p class='ocr_par' dir='ltr' id='par_1_42' title="bbox 2144 1484 3741 1560">
     <span class='ocr_line' id='line_1_42' title="bbox 2144 1484 3741 1560; baseline -0.003 -21"><span class='ocrx_word' id='word_1_307' title='bbox 2144 1486 2260 1543; x_wconf 88' lang='lat' dir='ltr'><strong>Pro</strong></span> <span class='ocrx_word' id='word_1_308' title='bbox 2290 1486 2460 1543; x_wconf 89' lang='lat' dir='ltr'><strong>nihilo</strong></span> <span class='ocrx_word' id='word_1_309' title='bbox 2489 1486 2651 1542; x_wconf 89' lang='lat' dir='ltr'><strong>alium</strong></span> <span class='ocrx_word' id='word_1_310' title='bbox 2683 1486 2922 1560; x_wconf 75' lang='lat' dir='ltr'><strong>quaeritis</strong></span> <span class='ocrx_word' id='word_1_311' title='bbox 2944 1486 3206 1556; x_wconf 89' lang='lat' dir='ltr'><strong>judicem,</strong></span> <span class='ocrx_word' id='word_1_312' title='bbox 3239 1484 3494 1557; x_wconf 88' lang='lat' dir='ltr'><strong>quoniam</strong></span> <span class='ocrx_word' id='word_1_313' title='bbox 3525 1484 3741 1539; x_wconf 85' lang='lat' dir='ltr'><strong>rectum</strong></span> 
     </span>
    </p>
   </div>
   <div class='ocr_carea' id='block_1_43' title="bbox 2145 1578 3744 1656">
    <p class='ocr_par' dir='ltr' id='par_1_43' title="bbox 2145 1578 3744 1656">
     <span class='ocr_line' id='line_1_43' title="bbox 2145 1578 3744 1656; baseline -0.002 -19"><span class='ocrx_word' id='word_1_314' title='bbox 2145 1583 2301 1639; x_wconf 89' lang='lat' dir='ltr'><strong>vobis</strong></span> <span class='ocrx_word' id='word_1_315' title='bbox 2337 1584 2531 1639; x_wconf 89' lang='lat' dir='ltr'><strong>laciam</strong></span> <span class='ocrx_word' id='word_1_316' title='bbox 2569 1583 2873 1654; x_wconf 89' lang='lat' dir='ltr'><strong>judicium;</strong></span> <span class='ocrx_word' id='word_1_317' title='bbox 2924 1583 3023 1640; x_wconf 89' lang='lat' dir='ltr'><strong>sed</strong></span> <span class='ocrx_word' id='word_1_318' title='bbox 3076 1582 3225 1656; x_wconf 88' lang='lat' dir='ltr'><strong>prius</strong></span> <span class='ocrx_word' id='word_1_319' title='bbox 3270 1581 3523 1654; x_wconf 87' lang='lat' dir='ltr'><strong>permitte</strong></span> <span class='ocrx_word' id='word_1_320' title='bbox 3583 1578 3744 1651; x_wconf 88' lang='lat' dir='ltr'><strong>loqui</strong></span> 
     </span>
    </p>
   </div>
   <div class='ocr_carea' id='block_1_44' title="bbox 2145 1671 3743 1743">
    <p class='ocr_par' dir='ltr' id='par_1_44' title="bbox 2145 1671 3743 1743">
     <span class='ocr_line' id='line_1_44' title="bbox 2145 1671 3743 1743; baseline -0.003 -15"><span class='ocrx_word' id='word_1_321' title='bbox 2145 1672 2375 1728; x_wconf 88' lang='lat' dir='ltr'><strong>consilio</strong></span> <span class='ocrx_word' id='word_1_322' title='bbox 2403 1672 2495 1727; x_wconf 90' lang='lat' dir='ltr'><strong>uni</strong></span> <span class='ocrx_word' id='word_1_323' title='bbox 2524 1688 2592 1729; x_wconf 85' lang='lat' dir='ltr'><strong>ex</strong></span> <span class='ocrx_word' id='word_1_324' title='bbox 2621 1672 2777 1730; x_wconf 84' lang='lat' dir='ltr'><strong>vobis</strong></span> <span class='ocrx_word' id='word_1_325' title='bbox 2806 1682 2862 1729; x_wconf 88' lang='lat' dir='ltr'><strong>et</strong></span> <span class='ocrx_word' id='word_1_326' title='bbox 2887 1672 3089 1730; x_wconf 85' lang='lat' dir='ltr'><strong>deinde</strong></span> <span class='ocrx_word' id='word_1_327' title='bbox 3117 1672 3228 1740; x_wconf 85' lang='lat' dir='ltr'><strong>alii,</strong></span> <span class='ocrx_word' id='word_1_328' title='bbox 3260 1678 3314 1728; x_wconf 90' lang='lat' dir='ltr'><strong>et</strong></span> <span class='ocrx_word' id='word_1_329' title='bbox 3341 1671 3388 1727; x_wconf 89' lang='lat' dir='ltr'><strong>si</strong></span> <span class='ocrx_word' id='word_1_330' title='bbox 3414 1677 3600 1743; x_wconf 85' lang='lat' dir='ltr'><strong>potero</strong></span> <span class='ocrx_word' id='word_1_331' title='bbox 3629 1677 3743 1724; x_wconf 80' lang='lat' dir='ltr'><strong>vos</strong></span> 
     </span>
    </p>
   </div>
   <div class='ocr_carea' id='block_1_45' title="bbox 2146 1758 3741 1834">
    <p class='ocr_par' dir='ltr' id='par_1_45' title="bbox 2146 1758 3741 1834">
     <span class='ocr_line' id='line_1_45' title="bbox 2146 1758 3741 1834; baseline -0.003 -16"><span class='ocrx_word' id='word_1_332' title='bbox 2146 1762 2480 1818; x_wconf 88' lang='lat' dir='ltr'><strong>concordare</strong></span> <span class='ocrx_word' id='word_1_333' title='bbox 2501 1762 2619 1818; x_wconf 86' lang='lat' dir='ltr'><strong>sine</strong></span> <span class='ocrx_word' id='word_1_334' title='bbox 2643 1763 2869 1834; x_wconf 80' lang='lat' dir='ltr'><strong>judicio,</strong></span> <span class='ocrx_word' id='word_1_335' title='bbox 2903 1761 3173 1819; x_wconf 84' lang='lat' dir='ltr'><strong>sententia</strong></span> <span class='ocrx_word' id='word_1_336' title='bbox 3200 1760 3494 1827; x_wconf 78' lang='lat' dir='ltr'><strong>celabitur;</strong></span> <span class='ocrx_word' id='word_1_337' title='bbox 3524 1758 3609 1814; x_wconf 90' lang='lat' dir='ltr'><strong>sin</strong></span> <span class='ocrx_word' id='word_1_338' title='bbox 3636 1767 3741 1814; x_wconf 71' lang='lat' dir='ltr'><strong>au‘</strong></span> 
     </span>
    </p>
   </div>
   <div class='ocr_carea' id='block_1_46' title="bbox 2146 1847 3741 1923">
    <p class='ocr_par' dir='ltr' id='par_1_46' title="bbox 2146 1847 3741 1923">
     <span class='ocr_line' id='line_1_46' title="bbox 2146 1847 3741 1923; baseline -0.003 -17"><span class='ocrx_word' id='word_1_339' title='bbox 2146 1859 2277 1918; x_wconf 88' lang='lat' dir='ltr'><strong>tem,</strong></span> <span class='ocrx_word' id='word_1_340' title='bbox 2309 1850 2363 1906; x_wconf 91' lang='lat' dir='ltr'><strong>in</strong></span> <span class='ocrx_word' id='word_1_341' title='bbox 2386 1865 2682 1908; x_wconf 86' lang='lat' dir='ltr'><strong>commune</strong></span> <span class='ocrx_word' id='word_1_342' title='bbox 2697 1852 2876 1909; x_wconf 87' lang='lat' dir='ltr'><strong>detur.</strong></span> <span class='ocrx_word' id='word_1_343' title='bbox 2898 1854 2965 1907; x_wconf 78' lang='lat' dir='ltr'><strong>At</strong></span> <span class='ocrx_word' id='word_1_344' title='bbox 2984 1851 3092 1923; x_wconf 82' lang='lat' dir='ltr'><strong>ipsi</strong></span> <span class='ocrx_word' id='word_1_345' title='bbox 3115 1858 3519 1908; x_wconf 77' lang='lat' dir='ltr'><strong>concesserunt.</strong></span> <span class='ocrx_word' id='word_1_346' title='bbox 3544 1847 3741 1920; x_wconf 84' lang='lat' dir='ltr'><strong>Vulpis</strong></span> 
     </span>
    </p>
   </div>
   <div class='ocr_carea' id='block_1_47' title="bbox 2147 1945 3740 2020">
    <p class='ocr_par' dir='ltr' id='par_1_47' title="bbox 2147 1945 3740 2020">
     <span class='ocr_line' id='line_1_47' title="bbox 2147 1945 3740 2020; baseline -0.003 -16"><span class='ocrx_word' id='word_1_347' title='bbox 2147 1949 2385 2020; x_wconf 89' lang='lat' dir='ltr'><strong>primum</strong></span> <span class='ocrx_word' id='word_1_348' title='bbox 2439 1950 2618 2005; x_wconf 87' lang='lat' dir='ltr'><strong>locuta</strong></span> <span class='ocrx_word' id='word_1_349' title='bbox 2664 1964 2789 2005; x_wconf 88' lang='lat' dir='ltr'><strong>cum</strong></span> <span class='ocrx_word' id='word_1_350' title='bbox 2843 1956 3058 2005; x_wconf 87' lang='lat' dir='ltr'><strong>aratore</strong></span> <span class='ocrx_word' id='word_1_351' title='bbox 3106 1946 3185 2011; x_wconf 89' lang='lat' dir='ltr'><strong>ait</strong></span> <span class='ocrx_word' id='word_1_352' title='bbox 3226 1968 3238 2002; x_wconf 90' lang='lat'><strong>:</strong></span> <span class='ocrx_word' id='word_1_353' title='bbox 3292 1948 3372 2002; x_wconf 88' lang='lat' dir='ltr'><strong>Da</strong></span> <span class='ocrx_word' id='word_1_354' title='bbox 3410 1945 3542 2001; x_wconf 83' lang='lat' dir='ltr'><strong>mihi</strong></span> <span class='ocrx_word' id='word_1_355' title='bbox 3568 1956 3740 2001; x_wconf 82' lang='lat' dir='ltr'><strong>unam</strong></span> 
     </span>
    </p>
   </div>
   <div class='ocr_carea' id='block_1_48' title="bbox 2145 2034 3737 2112">
    <p class='ocr_par' dir='ltr' id='par_1_48' title="bbox 2145 2034 3737 2112">
     <span class='ocr_line' id='line_1_48' title="bbox 2145 2034 3737 2112; baseline -0.003 -19"><span class='ocrx_word' id='word_1_356' title='bbox 2145 2038 2406 2112; x_wconf 86' lang='lat' dir='ltr'><strong>gallinam</strong></span> <span class='ocrx_word' id='word_1_357' title='bbox 2434 2046 2489 2095; x_wconf 94' lang='lat' dir='ltr'><strong>et</strong></span> <span class='ocrx_word' id='word_1_358' title='bbox 2533 2037 2687 2093; x_wconf 82' lang='lat' dir='ltr'><strong>uxori</strong></span> <span class='ocrx_word' id='word_1_359' title='bbox 2725 2053 2864 2093; x_wconf 70' lang='lat' dir='ltr'><strong>mete</strong></span> <span class='ocrx_word' id='word_1_360' title='bbox 2917 2038 3162 2107; x_wconf 88' lang='lat' dir='ltr'><strong>alteram,</strong></span> <span class='ocrx_word' id='word_1_361' title='bbox 3194 2045 3249 2093; x_wconf 90' lang='lat' dir='ltr'><strong>et</strong></span> <span class='ocrx_word' id='word_1_362' title='bbox 3278 2034 3504 2091; x_wconf 85' lang='lat' dir='ltr'><strong>habebis</strong></span> <span class='ocrx_word' id='word_1_363' title='bbox 3541 2034 3737 2090; x_wconf 85' lang='lat' dir='ltr'><strong>boves.</strong></span> 
     </span>
    </p>
   </div>
   <div class='ocr_carea' id='block_1_49' title="bbox 2146 2125 3741 2206">
    <p class='ocr_par' dir='ltr' id='par_1_49' title="bbox 2146 2125 3741 2206">
     <span class='ocr_line' id='line_1_49' title="bbox 2146 2125 3741 2206; baseline -0.003 -15"><span class='ocrx_word' id='word_1_364' title='bbox 2146 2138 2354 2193; x_wconf 87' lang='lat' dir='ltr'><strong>Arator</strong></span> <span class='ocrx_word' id='word_1_365' title='bbox 2381 2137 2673 2203; x_wconf 89' lang='lat' dir='ltr'><strong>concessit,</strong></span> <span class='ocrx_word' id='word_1_366' title='bbox 2707 2144 2760 2192; x_wconf 90' lang='lat' dir='ltr'><strong>et</strong></span> <span class='ocrx_word' id='word_1_367' title='bbox 2786 2138 2893 2192; x_wconf 84' lang='lat' dir='ltr'><strong>hoc</strong></span> <span class='ocrx_word' id='word_1_368' title='bbox 2923 2135 3066 2193; x_wconf 80' lang='lat' dir='ltr'><strong>facto</strong></span> <span class='ocrx_word' id='word_1_369' title='bbox 3095 2146 3215 2193; x_wconf 85' lang='lat' dir='ltr'><strong>cum</strong></span> <span class='ocrx_word' id='word_1_370' title='bbox 3238 2134 3367 2206; x_wconf 88' lang='lat' dir='ltr'><strong>lupo</strong></span> <span class='ocrx_word' id='word_1_371' title='bbox 3383 2126 3626 2205; x_wconf 86' lang='lat' dir='ltr'><strong>loquitur</strong></span> <span class='ocrx_word' id='word_1_372' title='bbox 3653 2125 3741 2188; x_wconf 83' lang='lat' dir='ltr'><strong>di-</strong></span> 
     </span>
    </p>
   </div>
   <div class='ocr_carea' id='block_1_50' title="bbox 2145 2222 3737 2297">
    <p class='ocr_par' dir='ltr' id='par_1_50' title="bbox 2145 2222 3737 2297">
     <span class='ocr_line' id='line_1_50' title="bbox 2145 2222 3737 2297; baseline -0.004 -14"><span class='ocrx_word' id='word_1_373' title='bbox 2145 2241 2304 2283; x_wconf 89' lang='lat' dir='ltr'><strong>cens:</strong></span> <span class='ocrx_word' id='word_1_374' title='bbox 2339 2224 2550 2291; x_wconf 79' lang='lat' dir='ltr'><strong>Amice,</strong></span> <span class='ocrx_word' id='word_1_375' title='bbox 2581 2226 2733 2281; x_wconf 88' lang='lat' dir='ltr'><strong>audi:</strong></span> <span class='ocrx_word' id='word_1_376' title='bbox 2768 2224 2969 2281; x_wconf 75' lang='lat' dir='ltr'><strong>Meritis</strong></span> <span class='ocrx_word' id='word_1_377' title='bbox 3004 2225 3109 2280; x_wconf 88' lang='lat' dir='ltr'><strong>tuis</strong></span> <span class='ocrx_word' id='word_1_378' title='bbox 3146 2222 3572 2297; x_wconf 83' lang='lat' dir='ltr'><strong>procedentibus</strong></span> <span class='ocrx_word' id='word_1_379' title='bbox 3599 2237 3737 2294; x_wconf 72' lang='lat' dir='ltr'><strong>pro~</strong></span> 
     </span>
    </p>
   </div>
   <div class='ocr_carea' id='block_1_51' title="bbox 2144 2310 3736 2386">
    <p class='ocr_par' dir='ltr' id='par_1_51' title="bbox 2144 2310 3736 2386">
     <span class='ocr_line' id='line_1_51' title="bbox 2144 2310 3736 2386; baseline -0.003 -17"><span class='ocrx_word' id='word_1_380' title='bbox 2144 2322 2198 2370; x_wconf 92' lang='lat' dir='ltr'><strong>te</strong></span> <span class='ocrx_word' id='word_1_381' title='bbox 2225 2313 2409 2383; x_wconf 88' lang='lat' dir='ltr'><strong>debet,</strong></span> <span class='ocrx_word' id='word_1_382' title='bbox 2441 2313 2488 2369; x_wconf 91' lang='lat' dir='ltr'><strong>si</strong></span> <span class='ocrx_word' id='word_1_383' title='bbox 2518 2330 2627 2386; x_wconf 91' lang='lat' dir='ltr'><strong>qua</strong></span> <span class='ocrx_word' id='word_1_384' title='bbox 2652 2323 2737 2370; x_wconf 87' lang='lat' dir='ltr'><strong>est</strong></span> <span class='ocrx_word' id='word_1_385' title='bbox 2766 2313 3038 2383; x_wconf 79' lang='lat' dir='ltr'><strong>facundia,</strong></span> <span class='ocrx_word' id='word_1_386' title='bbox 3070 2313 3346 2369; x_wconf 81' lang='lat' dir='ltr'><strong>laborare.</strong></span> <span class='ocrx_word' id='word_1_387' title='bbox 3389 2312 3612 2366; x_wconf 86' lang='lat' dir='ltr'><strong>Tantum</strong></span> <span class='ocrx_word' id='word_1_388' title='bbox 3643 2310 3736 2366; x_wconf 50' lang='grc' dir='ltr'><strong>ιο-</strong></span> 
     </span>
    </p>
   </div>
   <div class='ocr_carea' id='block_1_52' title="bbox 2144 2395 3737 2476">
    <p class='ocr_par' dir='ltr' id='par_1_52' title="bbox 2144 2395 3737 2476">
     <span class='ocr_line' id='line_1_52' title="bbox 2144 2395 3737 2476; baseline -0.004 -16"><span class='ocrx_word' id='word_1_389' title='bbox 2144 2411 2269 2460; x_wconf 90' lang='lat' dir='ltr'><strong>cuta</strong></span> <span class='ocrx_word' id='word_1_390' title='bbox 2298 2420 2417 2459; x_wconf 87' lang='lat' dir='ltr'><strong>sum</strong></span> <span class='ocrx_word' id='word_1_391' title='bbox 2445 2418 2566 2460; x_wconf 91' lang='lat' dir='ltr'><strong>cum</strong></span> <span class='ocrx_word' id='word_1_392' title='bbox 2599 2405 2798 2460; x_wconf 86' lang='lat' dir='ltr'><strong>rustico</strong></span> <span class='ocrx_word' id='word_1_393' title='bbox 2817 2403 2966 2476; x_wconf 89' lang='lat' dir='ltr'><strong>quod</strong></span> <span class='ocrx_word' id='word_1_394' title='bbox 2993 2403 3041 2458; x_wconf 91' lang='lat' dir='ltr'><strong>si</strong></span> <span class='ocrx_word' id='word_1_395' title='bbox 3079 2403 3250 2458; x_wconf 88' lang='lat' dir='ltr'><strong>boves</strong></span> <span class='ocrx_word' id='word_1_396' title='bbox 3276 2401 3420 2457; x_wconf 89' lang='lat' dir='ltr'><strong>illius</strong></span> <span class='ocrx_word' id='word_1_397' title='bbox 3458 2395 3737 2457; x_wconf 86' lang='lat' dir='ltr'><strong>dimiseris</strong></span> 
     </span>
    </p>
   </div>
   <div class='ocr_carea' id='block_1_53' title="bbox 2145 2489 3737 2566">
    <p class='ocr_par' dir='ltr' id='par_1_53' title="bbox 2145 2489 3737 2566">
     <span class='ocr_line' id='line_1_53' title="bbox 2145 2489 3737 2566; baseline -0.004 -16"><span class='ocrx_word' id='word_1_398' title='bbox 2145 2494 2366 2550; x_wconf 91' lang='lat' dir='ltr'><strong>omnino</strong></span> <span class='ocrx_word' id='word_1_399' title='bbox 2394 2493 2627 2566; x_wconf 89' lang='lat' dir='ltr'><strong>quietos,</strong></span> <span class='ocrx_word' id='word_1_400' title='bbox 2661 2493 2811 2549; x_wconf 88' lang='lat' dir='ltr'><strong>dabit</strong></span> <span class='ocrx_word' id='word_1_401' title='bbox 2839 2492 2936 2548; x_wconf 84' lang='lat' dir='ltr'><strong>tibi</strong></span> <span class='ocrx_word' id='word_1_402' title='bbox 2963 2507 3184 2548; x_wconf 88' lang='lat' dir='ltr'><strong>caseum</strong></span> <span class='ocrx_word' id='word_1_403' title='bbox 3214 2492 3283 2548; x_wconf 91' lang='lat' dir='ltr'><strong>ad</strong></span> <span class='ocrx_word' id='word_1_404' title='bbox 3302 2489 3737 2562; x_wconf 73' lang='lat' dir='ltr'><strong>magnitudinem</strong></span> 
     </span>
    </p>
   </div>
   <div class='ocr_carea' id='block_1_54' title="bbox 2144 2578 3729 2655">
    <p class='ocr_par' dir='ltr' id='par_1_54' title="bbox 2144 2578 3729 2655">
     <span class='ocr_line' id='line_1_54' title="bbox 2144 2578 3729 2655; baseline -0.003 -18"><span class='ocrx_word' id='word_1_405' title='bbox 2144 2583 2322 2655; x_wconf 82' lang='lat' dir='ltr'><strong>clypei</strong></span> <span class='ocrx_word' id='word_1_406' title='bbox 2353 2583 2572 2640; x_wconf 79' lang='lat' dir='ltr'><strong>factum.</strong></span> <span class='ocrx_word' id='word_1_407' title='bbox 2604 2584 2720 2639; x_wconf 86' lang='lat' dir='ltr'><strong>Hoc</strong></span> <span class='ocrx_word' id='word_1_408' title='bbox 2748 2582 2906 2654; x_wconf 90' lang='lat' dir='ltr'><strong>lupus</strong></span> <span class='ocrx_word' id='word_1_409' title='bbox 2942 2582 3232 2638; x_wconf 89' lang='lat' dir='ltr'><strong>concessit.</strong></span> <span class='ocrx_word' id='word_1_410' title='bbox 3265 2581 3361 2636; x_wconf 91' lang='lat' dir='ltr'><strong>Cui</strong></span> <span class='ocrx_word' id='word_1_411' title='bbox 3390 2580 3578 2651; x_wconf 88' lang='lat' dir='ltr'><strong>vulpes</strong></span> <span class='ocrx_word' id='word_1_412' title='bbox 3606 2578 3682 2634; x_wconf 90' lang='lat' dir='ltr'><strong>ait</strong></span> <span class='ocrx_word' id='word_1_413' title='bbox 3716 2596 3729 2632; x_wconf 92' lang='lat'><strong>:</strong></span> 
     </span>
    </p>
   </div>
   <div class='ocr_carea' id='block_1_55' title="bbox 2145 2670 3729 2743">
    <p class='ocr_par' dir='ltr' id='par_1_55' title="bbox 2145 2670 3729 2743">
     <span class='ocr_line' id='line_1_55' title="bbox 2145 2670 3729 2743; baseline -0.003 -14"><span class='ocrx_word' id='word_1_414' title='bbox 2145 2673 2398 2730; x_wconf 88' lang='lat' dir='ltr'><strong>Concede</strong></span> <span class='ocrx_word' id='word_1_415' title='bbox 2425 2679 2698 2728; x_wconf 89' lang='lat' dir='ltr'><strong>aratorem</strong></span> <span class='ocrx_word' id='word_1_416' title='bbox 2727 2672 2897 2729; x_wconf 86' lang='lat' dir='ltr'><strong>boves</strong></span> <span class='ocrx_word' id='word_1_417' title='bbox 2917 2687 3048 2728; x_wconf 89' lang='lat' dir='ltr'><strong>suos</strong></span> <span class='ocrx_word' id='word_1_418' title='bbox 3066 2671 3285 2740; x_wconf 91' lang='lat' dir='ltr'><strong>ducere,</strong></span> <span class='ocrx_word' id='word_1_419' title='bbox 3316 2678 3369 2726; x_wconf 92' lang='lat' dir='ltr'><strong>et</strong></span> <span class='ocrx_word' id='word_1_420' title='bbox 3395 2684 3500 2743; x_wconf 84' lang='lat' dir='ltr'><strong>ego</strong></span> <span class='ocrx_word' id='word_1_421' title='bbox 3524 2670 3729 2725; x_wconf 85' lang='lat' dir='ltr'><strong>ducam</strong></span> 
     </span>
    </p>
   </div>
   <div class='ocr_carea' id='block_1_56' title="bbox 2145 2770 3729 2843">
    <p class='ocr_par' dir='ltr' id='par_1_56' title="bbox 2145 2770 3729 2843">
     <span class='ocr_line' id='line_1_56' title="bbox 2145 2770 3729 2843; baseline -0.003 -16"><span class='ocrx_word' id='word_1_422' title='bbox 2145 2781 2196 2827; x_wconf 94' lang='lat' dir='ltr'><strong>te</strong></span> <span class='ocrx_word' id='word_1_423' title='bbox 2224 2772 2294 2827; x_wconf 89' lang='lat' dir='ltr'><strong>ad</strong></span> <span class='ocrx_word' id='word_1_424' title='bbox 2325 2771 2503 2829; x_wconf 84' lang='lat' dir='ltr'><strong>locum</strong></span> <span class='ocrx_word' id='word_1_425' title='bbox 2530 2772 2620 2827; x_wconf 89' lang='lat' dir='ltr'><strong>ubi</strong></span> <span class='ocrx_word' id='word_1_426' title='bbox 2656 2778 2926 2843; x_wconf 83' lang='lat' dir='ltr'><strong>parantur</strong></span> <span class='ocrx_word' id='word_1_427' title='bbox 2962 2770 3105 2826; x_wconf 85' lang='lat' dir='ltr'><strong>illius</strong></span> <span class='ocrx_word' id='word_1_428' title='bbox 3146 2770 3316 2838; x_wconf 86' lang='lat' dir='ltr'><strong>casei,</strong></span> <span class='ocrx_word' id='word_1_429' title='bbox 3348 2776 3405 2824; x_wconf 92' lang='lat' dir='ltr'><strong>ut</strong></span> <span class='ocrx_word' id='word_1_430' title='bbox 3437 2783 3596 2841; x_wconf 89' lang='lat' dir='ltr'><strong>quem</strong></span> <span class='ocrx_word' id='word_1_431' title='bbox 3626 2783 3729 2824; x_wconf 88' lang='lat' dir='ltr'><strong>vo-</strong></span> 
     </span>
    </p>
   </div>
   <div class='ocr_carea' id='block_1_57' title="bbox 2144 2858 3731 2932">
    <p class='ocr_par' dir='ltr' id='par_1_57' title="bbox 2144 2858 3731 2932">
     <span class='ocr_line' id='line_1_57' title="bbox 2144 2858 3731 2932; baseline -0.003 -16"><span class='ocrx_word' id='word_1_432' title='bbox 2144 2861 2310 2918; x_wconf 88' lang='lat' dir='ltr'><strong>lueris</strong></span> <span class='ocrx_word' id='word_1_433' title='bbox 2349 2862 2420 2918; x_wconf 89' lang='lat' dir='ltr'><strong>de</strong></span> <span class='ocrx_word' id='word_1_434' title='bbox 2467 2861 2652 2916; x_wconf 88' lang='lat' dir='ltr'><strong>multis</strong></span> <span class='ocrx_word' id='word_1_435' title='bbox 2699 2861 2909 2932; x_wconf 78' lang='lat' dir='ltr'><strong>eligere</strong></span> <span class='ocrx_word' id='word_1_436' title='bbox 2956 2858 3163 2932; x_wconf 83' lang='lat' dir='ltr'><strong>possis.</strong></span> <span class='ocrx_word' id='word_1_437' title='bbox 3221 2860 3330 2915; x_wconf 90' lang='lat' dir='ltr'><strong>Sed</strong></span> <span class='ocrx_word' id='word_1_438' title='bbox 3355 2858 3514 2932; x_wconf 84' lang='lat' dir='ltr'><strong>lupus</strong></span> <span class='ocrx_word' id='word_1_439' title='bbox 3541 2864 3731 2913; x_wconf 71' lang='lat' dir='ltr'><strong>astuta:</strong></span> 
     </span>
    </p>
   </div>
   <div class='ocr_carea' id='block_1_58' title="bbox 2143 2956 3733 3032">
    <p class='ocr_par' dir='ltr' id='par_1_58' title="bbox 2143 2956 3733 3032">
     <span class='ocr_line' id='line_1_58' title="bbox 2143 2956 3733 3032; baseline -0.004 -16"><span class='ocrx_word' id='word_1_440' title='bbox 2143 2960 2323 3031; x_wconf 83' lang='lat' dir='ltr'><strong>vulpis</strong></span> <span class='ocrx_word' id='word_1_441' title='bbox 2351 2961 2614 3032; x_wconf 81' lang='lat' dir='ltr'><strong>deceptus</strong></span> <span class='ocrx_word' id='word_1_442' title='bbox 2640 2960 2824 3016; x_wconf 85' lang='lat' dir='ltr'><strong>verbis</strong></span> <span class='ocrx_word' id='word_1_443' title='bbox 2854 2961 3096 3032; x_wconf 91' lang='lat' dir='ltr'><strong>quietum</strong></span> <span class='ocrx_word' id='word_1_444' title='bbox 3124 2959 3273 3016; x_wconf 89' lang='lat' dir='ltr'><strong>abire</strong></span> <span class='ocrx_word' id='word_1_445' title='bbox 3302 2958 3545 3031; x_wconf 87' lang='lat' dir='ltr'><strong>permisit</strong></span> <span class='ocrx_word' id='word_1_446' title='bbox 3574 2956 3733 3012; x_wconf 48' lang='lat' dir='ltr'><strong>rusti‘</strong></span> 
     </span>
    </p>
   </div>
   <div class='ocr_carea' id='block_1_59' title="bbox 2141 3046 3733 3124">
    <p class='ocr_par' dir='ltr' id='par_1_59' title="bbox 2141 3046 3733 3124">
     <span class='ocr_line' id='line_1_59' title="bbox 2141 3046 3733 3124; baseline -0.003 -19"><span class='ocrx_word' id='word_1_447' title='bbox 2141 3064 2291 3105; x_wconf 89' lang='lat' dir='ltr'><strong>cum.</strong></span> <span class='ocrx_word' id='word_1_448' title='bbox 2335 3049 2540 3121; x_wconf 84' lang='lat' dir='ltr'><strong>Vulpes</strong></span> <span class='ocrx_word' id='word_1_449' title='bbox 2567 3062 2698 3107; x_wconf 83' lang='lat' dir='ltr'><strong>vero</strong></span> <span class='ocrx_word' id='word_1_450' title='bbox 2716 3049 2970 3124; x_wconf 84' lang='lat' dir='ltr'><strong>vagando</strong></span> <span class='ocrx_word' id='word_1_451' title='bbox 2986 3052 3097 3107; x_wconf 86' lang='lat' dir='ltr'><strong>huc</strong></span> <span class='ocrx_word' id='word_1_452' title='bbox 3124 3058 3180 3106; x_wconf 92' lang='lat' dir='ltr'><strong>et</strong></span> <span class='ocrx_word' id='word_1_453' title='bbox 3205 3046 3331 3105; x_wconf 86' lang='lat' dir='ltr'><strong>illuc</strong></span> <span class='ocrx_word' id='word_1_454' title='bbox 3352 3050 3613 3121; x_wconf 87' lang='lat' dir='ltr'><strong>quantum</strong></span> <span class='ocrx_word' id='word_1_455' title='bbox 3645 3061 3733 3116; x_wconf 83' lang='lat' dir='ltr'><strong>po-</strong></span> 
     </span>
    </p>
   </div>
   <div class='ocr_carea' id='block_1_60' title="bbox 2140 3139 3731 3214">
    <p class='ocr_par' dir='ltr' id='par_1_60' title="bbox 2140 3139 3731 3214">
     <span class='ocr_line' id='line_1_60' title="bbox 2140 3139 3731 3214; baseline -0.003 -20"><span class='ocrx_word' id='word_1_456' title='bbox 2140 3140 2242 3194; x_wconf 88' lang='lat' dir='ltr'><strong>tuit</strong></span> <span class='ocrx_word' id='word_1_457' title='bbox 2289 3139 2479 3211; x_wconf 89' lang='lat' dir='ltr'><strong>lupum</strong></span> <span class='ocrx_word' id='word_1_458' title='bbox 2524 3140 2780 3209; x_wconf 88' lang='lat' dir='ltr'><strong>deviavit,</strong></span> <span class='ocrx_word' id='word_1_459' title='bbox 2826 3157 2989 3214; x_wconf 87' lang='lat' dir='ltr'><strong>quem</strong></span> <span class='ocrx_word' id='word_1_460' title='bbox 3018 3140 3269 3197; x_wconf 89' lang='lat' dir='ltr'><strong>veniente</strong></span> <span class='ocrx_word' id='word_1_461' title='bbox 3295 3139 3533 3195; x_wconf 87' lang='lat' dir='ltr'><strong>obscura</strong></span> <span class='ocrx_word' id='word_1_462' title='bbox 3572 3144 3731 3192; x_wconf 89' lang='lat' dir='ltr'><strong>nocte</strong></span> 
     </span>
    </p>
   </div>
   <div class='ocr_carea' id='block_1_61' title="bbox 427 3233 3731 3316">
    <p class='ocr_par' dir='ltr' id='par_1_61' title="bbox 427 3233 3731 3316">
     <span class='ocr_line' id='line_1_61' title="bbox 427 3233 3731 3316; baseline 0.002 -23"><span class='ocrx_word' id='word_1_463' title='bbox 427 3239 614 3295; x_wconf 77' lang='lat' dir='ltr'><strong>Atille</strong></span> <span class='ocrx_word' id='word_1_464' title='bbox 646 3255 873 3296; x_wconf 87' lang='lat' dir='ltr'><strong>securus</strong></span> <span class='ocrx_word' id='word_1_465' title='bbox 903 3241 1156 3312; x_wconf 88' lang='lat' dir='ltr'><strong>promissi</strong></span> <span class='ocrx_word' id='word_1_466' title='bbox 1213 3257 1372 3300; x_wconf 85' lang='lat' dir='ltr'><strong>avem</strong></span> <span class='ocrx_word' id='word_1_467' title='bbox 1421 3246 1672 3316; x_wconf 87' lang='lat' dir='ltr'><strong>permisit</strong></span> <span class='ocrx_word' id='word_1_468' title='bbox 1697 3246 1871 3302; x_wconf 88' lang='lat' dir='ltr'><strong>abire.</strong></span> <span class='ocrx_word' id='word_1_469' title='bbox 1928 3244 2107 3307; x_wconf 82' lang='lat' dir='ltr'><strong>Cui‘C</strong></span> <span class='ocrx_word' id='word_1_470' title='bbox 2136 3238 2206 3294; x_wconf 74' lang='lat' dir='ltr'><strong>8d</strong></span> <span class='ocrx_word' id='word_1_471' title='bbox 2235 3237 2403 3294; x_wconf 73' lang='lat' dir='ltr'><strong>altum</strong></span> <span class='ocrx_word' id='word_1_472' title='bbox 2430 3247 2651 3310; x_wconf 72' lang='lat' dir='ltr'><strong>puteum</strong></span> <span class='ocrx_word' id='word_1_473' title='bbox 2681 3239 2922 3306; x_wconf 81' lang='lat' dir='ltr'><strong>deduxit,</strong></span> <span class='ocrx_word' id='word_1_474' title='bbox 2971 3239 3060 3296; x_wconf 77' lang='lat' dir='ltr'><strong>cui</strong></span> <span class='ocrx_word' id='word_1_475' title='bbox 3103 3252 3265 3309; x_wconf 70' lang='lat' dir='ltr'><strong>super</strong></span> <span class='ocrx_word' id='word_1_476' title='bbox 3302 3244 3521 3309; x_wconf 75' lang='lat' dir='ltr'><strong>puteum</strong></span> <span class='ocrx_word' id='word_1_477' title='bbox 3568 3233 3731 3289; x_wconf 71' lang='grc' dir='ltr'><strong>διαηιί</strong></span> 
     </span>
    </p>
   </div>
   <div class='ocr_carea' id='block_1_62' title="bbox 430 3327 2035 3402">
    <p class='ocr_par' dir='ltr' id='par_1_62' title="bbox 430 3327 2035 3402">
     <span class='ocr_line' id='line_1_62' title="bbox 430 3327 2035 3402; baseline 0.007 -22"><span class='ocrx_word' id='word_1_478' title='bbox 430 3327 554 3382; x_wconf 89' lang='lat' dir='ltr'><strong>avis</strong></span> <span class='ocrx_word' id='word_1_479' title='bbox 580 3328 657 3382; x_wconf 88' lang='lat' dir='ltr'><strong>ait</strong></span> <span class='ocrx_word' id='word_1_480' title='bbox 685 3348 696 3383; x_wconf 88' lang='lat'><strong>:</strong></span> <span class='ocrx_word' id='word_1_481' title='bbox 732 3330 912 3385; x_wconf 90' lang='lat' dir='ltr'><strong>Unum</strong></span> <span class='ocrx_word' id='word_1_482' title='bbox 943 3338 1026 3385; x_wconf 90' lang='lat' dir='ltr'><strong>est</strong></span> <span class='ocrx_word' id='word_1_483' title='bbox 1054 3331 1125 3386; x_wconf 88' lang='lat' dir='ltr'><strong>de</strong></span> <span class='ocrx_word' id='word_1_484' title='bbox 1170 3333 1479 3402; x_wconf 91' lang='lat' dir='ltr'><strong>promissis,</strong></span> <span class='ocrx_word' id='word_1_485' title='bbox 1509 3350 1580 3390; x_wconf 88' lang='lat' dir='ltr'><strong>ne</strong></span> <span class='ocrx_word' id='word_1_486' title='bbox 1610 3335 1809 3391; x_wconf 89' lang='lat' dir='ltr'><strong>credas</strong></span> <span class='ocrx_word' id='word_1_487' title='bbox 1851 3337 2035 3392; x_wconf 90' lang='lat' dir='ltr'><strong>omni-</strong></span> 
     </span>
    </p>
   </div>
   <div class='ocr_carea' id='block_1_63' title="bbox 431 3424 2029 3503">
    <p class='ocr_par' dir='ltr' id='par_1_63' title="bbox 431 3424 2029 3503">
     <span class='ocr_line' id='line_1_63' title="bbox 431 3424 2029 3503; baseline 0.008 -25"><span class='ocrx_word' id='word_1_488' title='bbox 431 3424 533 3478; x_wconf 76' lang='lat' dir='ltr'><strong>bus</strong></span> <span class='ocrx_word' id='word_1_489' title='bbox 568 3424 726 3481; x_wconf 88' lang='lat' dir='ltr'><strong>dictis</strong></span> <span class='ocrx_word' id='word_1_490' title='bbox 751 3441 765 3494; x_wconf 91' lang='lat'><strong>;</strong></span> <span class='ocrx_word' id='word_1_491' title='bbox 799 3428 1122 3499; x_wconf 89' lang='lat' dir='ltr'><strong>secundum,</strong></span> <span class='ocrx_word' id='word_1_492' title='bbox 1152 3430 1298 3501; x_wconf 90' lang='lat' dir='ltr'><strong>quod</strong></span> <span class='ocrx_word' id='word_1_493' title='bbox 1319 3438 1475 3486; x_wconf 92' lang='lat' dir='ltr'><strong>tuum</strong></span> <span class='ocrx_word' id='word_1_494' title='bbox 1499 3432 1601 3487; x_wconf 90' lang='lat' dir='ltr'><strong>erit</strong></span> <span class='ocrx_word' id='word_1_495' title='bbox 1621 3448 1841 3503; x_wconf 89' lang='lat' dir='ltr'><strong>semper</strong></span> <span class='ocrx_word' id='word_1_496' title='bbox 1857 3434 2029 3502; x_wconf 86' lang='lat' dir='ltr'><strong>habe;</strong></span> 
     </span>
    </p>
   </div>
   <div class='ocr_carea' id='block_1_64' title="bbox 429 3513 2033 3588">
    <p class='ocr_par' dir='ltr' id='par_1_64' title="bbox 429 3513 2033 3588">
     <span class='ocr_line' id='line_1_64' title="bbox 429 3513 2033 3588; baseline 0.008 -22"><span class='ocrx_word' id='word_1_497' title='bbox 429 3513 677 3581; x_wconf 84' lang='lat' dir='ltr'><strong>tertium,</strong></span> <span class='ocrx_word' id='word_1_498' title='bbox 726 3531 795 3569; x_wconf 90' lang='lat' dir='ltr'><strong>ne</strong></span> <span class='ocrx_word' id='word_1_499' title='bbox 855 3516 1045 3571; x_wconf 85' lang='lat' dir='ltr'><strong>doleas</strong></span> <span class='ocrx_word' id='word_1_500' title='bbox 1083 3521 1154 3573; x_wconf 89' lang='lat' dir='ltr'><strong>de</strong></span> <span class='ocrx_word' id='word_1_501' title='bbox 1198 3519 1437 3574; x_wconf 89' lang='lat' dir='ltr'><strong>amissis.</strong></span> <span class='ocrx_word' id='word_1_502' title='bbox 1473 3520 1585 3576; x_wconf 82' lang='lat' dir='ltr'><strong>Hoc</strong></span> <span class='ocrx_word' id='word_1_503' title='bbox 1614 3519 1780 3588; x_wconf 87' lang='lat' dir='ltr'><strong>dicto,</strong></span> <span class='ocrx_word' id='word_1_504' title='bbox 1818 3523 2033 3579; x_wconf 86' lang='lat' dir='ltr'><strong>avicula</strong></span> 
     </span>
    </p>
   </div>
   <div class='ocr_carea' id='block_1_65' title="bbox 429 3613 2027 3695">
    <p class='ocr_par' dir='ltr' id='par_1_65' title="bbox 429 3613 2027 3695">
     <span class='ocr_line' id='line_1_65' title="bbox 429 3613 2027 3695; baseline 0.008 -30"><span class='ocrx_word' id='word_1_505' title='bbox 429 3613 688 3668; x_wconf 88' lang='lat' dir='ltr'><strong>arborem</strong></span> <span class='ocrx_word' id='word_1_506' title='bbox 734 3616 1059 3672; x_wconf 88' lang='lat' dir='ltr'><strong>conscendit</strong></span> <span class='ocrx_word' id='word_1_507' title='bbox 1092 3626 1146 3672; x_wconf 86' lang='lat' dir='ltr'><strong>et</strong></span> <span class='ocrx_word' id='word_1_508' title='bbox 1188 3618 1331 3674; x_wconf 88' lang='lat' dir='ltr'><strong>dulci</strong></span> <span class='ocrx_word' id='word_1_509' title='bbox 1380 3636 1581 3677; x_wconf 89' lang='lat' dir='ltr'><strong>canore</strong></span> <span class='ocrx_word' id='word_1_510' title='bbox 1610 3622 1794 3678; x_wconf 90' lang='lat' dir='ltr'><strong>dicere</strong></span> <span class='ocrx_word' id='word_1_511' title='bbox 1818 3624 1982 3695; x_wconf 58' lang='lat' dir='ltr'><strong>cuipit</strong></span> <span class='ocrx_word' id='word_1_512' title='bbox 2015 3642 2027 3678; x_wconf 88' lang='lat'><strong>:</strong></span> 
     </span>
    </p>
   </div>
   <div class='ocr_carea' id='block_1_66' title="bbox 426 3701 2032 3778">
    <p class='ocr_par' dir='ltr' id='par_1_66' title="bbox 426 3701 2032 3778">
     <span class='ocr_line' id='line_1_66' title="bbox 426 3701 2032 3778; baseline 0.007 -23"><span class='ocrx_word' id='word_1_513' title='bbox 426 3701 749 3758; x_wconf 86' lang='lat' dir='ltr'><strong>Benedictus</strong></span> <span class='ocrx_word' id='word_1_514' title='bbox 787 3704 1053 3760; x_wconf 89' lang='lat' dir='ltr'><strong>Dominus</strong></span> <span class='ocrx_word' id='word_1_515' title='bbox 1101 3706 1193 3778; x_wconf 89' lang='lat' dir='ltr'><strong>qui</strong></span> <span class='ocrx_word' id='word_1_516' title='bbox 1241 3716 1457 3763; x_wconf 90' lang='lat' dir='ltr'><strong>tuorum</strong></span> <span class='ocrx_word' id='word_1_517' title='bbox 1516 3710 1691 3767; x_wconf 88' lang='lat' dir='ltr'><strong>aciem</strong></span> <span class='ocrx_word' id='word_1_518' title='bbox 1743 3713 2032 3768; x_wconf 88' lang='lat' dir='ltr'><strong>oculorum</strong></span> 
     </span>
    </p>
   </div>
   <div class='ocr_carea' id='block_1_67' title="bbox 426 3789 2031 3869">
    <p class='ocr_par' dir='ltr' id='par_1_67' title="bbox 426 3789 2031 3869">
     <span class='ocr_line' id='line_1_67' title="bbox 426 3789 2031 3869; baseline 0.009 -26"><span class='ocrx_word' id='word_1_519' title='bbox 426 3789 623 3845; x_wconf 85' lang='lat' dir='ltr'><strong>clausit</strong></span> <span class='ocrx_word' id='word_1_520' title='bbox 651 3799 705 3846; x_wconf 91' lang='lat' dir='ltr'><strong>et</strong></span> <span class='ocrx_word' id='word_1_521' title='bbox 733 3793 1039 3863; x_wconf 80' lang='lat' dir='ltr'><strong>sapientem</strong></span> <span class='ocrx_word' id='word_1_522' title='bbox 1089 3796 1332 3863; x_wconf 87' lang='lat' dir='ltr'><strong>abstulit,</strong></span> <span class='ocrx_word' id='word_1_523' title='bbox 1376 3799 1634 3869; x_wconf 88' lang='lat' dir='ltr'><strong>quoniam</strong></span> <span class='ocrx_word' id='word_1_524' title='bbox 1665 3800 1711 3855; x_wconf 91' lang='lat' dir='ltr'><strong>si</strong></span> <span class='ocrx_word' id='word_1_525' title='bbox 1739 3800 2031 3857; x_wconf 77' lang='lat' dir='ltr'><strong>intestino-</strong></span> 
     </span>
    </p>
   </div>
   <div class='ocr_carea' id='block_1_68' title="bbox 428 3887 2033 3969">
    <p class='ocr_par' dir='ltr' id='par_1_68' title="bbox 428 3887 2033 3969">
     <span class='ocr_line' id='line_1_68' title="bbox 428 3887 2033 3969; baseline 0.009 -30"><span class='ocrx_word' id='word_1_526' title='bbox 428 3901 552 3940; x_wconf 88' lang='lat' dir='ltr'><strong>rum</strong></span> <span class='ocrx_word' id='word_1_527' title='bbox 602 3887 777 3957; x_wconf 89' lang='lat' dir='ltr'><strong>plicas</strong></span> <span class='ocrx_word' id='word_1_528' title='bbox 837 3904 1093 3947; x_wconf 89' lang='lat' dir='ltr'><strong>meorum</strong></span> <span class='ocrx_word' id='word_1_529' title='bbox 1149 3894 1540 3965; x_wconf 87' lang='lat' dir='ltr'><strong>perquisisses,</strong></span> <span class='ocrx_word' id='word_1_530' title='bbox 1572 3896 1731 3952; x_wconf 91' lang='lat' dir='ltr'><strong>unius</strong></span> <span class='ocrx_word' id='word_1_531' title='bbox 1775 3898 2033 3969; x_wconf 88' lang='lat' dir='ltr'><strong>ponderis</strong></span> 
     </span>
    </p>
   </div>
   <div class='ocr_carea' id='block_1_69' title="bbox 426 3976 2033 4059">
    <p class='ocr_par' dir='ltr' id='par_1_69' title="bbox 426 3976 2033 4059">
     <span class='ocr_line' id='line_1_69' title="bbox 426 3976 2033 4059; baseline 0.009 -31"><span class='ocrx_word' id='word_1_532' title='bbox 426 3976 924 4045; x_wconf 72' lang='lat' dir='ltr'><strong>uncitnjacinctum</strong></span> <span class='ocrx_word' id='word_1_533' title='bbox 957 3979 1283 4037; x_wconf 82' lang='lat' dir='ltr'><strong>invenisses.</strong></span> <span class='ocrx_word' id='word_1_534' title='bbox 1331 3984 1459 4040; x_wconf 82' lang='lat' dir='ltr'><strong>Haec</strong></span> <span class='ocrx_word' id='word_1_535' title='bbox 1493 3985 1722 4041; x_wconf 89' lang='lat' dir='ltr'><strong>audiens</strong></span> <span class='ocrx_word' id='word_1_536' title='bbox 1751 3988 1840 4043; x_wconf 87' lang='lat' dir='ltr'><strong>ille</strong></span> <span class='ocrx_word' id='word_1_537' title='bbox 1869 3988 2033 4059; x_wconf 67' lang='lat' dir='ltr'><strong>coepit</strong></span> 
     </span>
    </p>
   </div>
   <div class='ocr_carea' id='block_1_70' title="bbox 427 4063 2030 4145">
    <p class='ocr_par' dir='ltr' id='par_1_70' title="bbox 427 4063 2030 4145">
     <span class='ocr_line' id='line_1_70' title="bbox 427 4063 2030 4145; baseline 0.009 -28"><span class='ocrx_word' id='word_1_538' title='bbox 427 4063 557 4120; x_wconf 85' lang='lat' dir='ltr'><strong>ﬂere</strong></span> <span class='ocrx_word' id='word_1_539' title='bbox 586 4073 640 4120; x_wconf 88' lang='lat' dir='ltr'><strong>et</strong></span> <span class='ocrx_word' id='word_1_540' title='bbox 668 4066 866 4136; x_wconf 80' lang='lat' dir='ltr'><strong>palmis</strong></span> <span class='ocrx_word' id='word_1_541' title='bbox 898 4077 1089 4139; x_wconf 89' lang='lat' dir='ltr'><strong>pectus</strong></span> <span class='ocrx_word' id='word_1_542' title='bbox 1118 4078 1432 4141; x_wconf 90' lang='lat' dir='ltr'><strong>percutere,</strong></span> <span class='ocrx_word' id='word_1_543' title='bbox 1466 4075 1720 4145; x_wconf 88' lang='lat' dir='ltr'><strong>quoniam</strong></span> <span class='ocrx_word' id='word_1_544' title='bbox 1750 4075 1911 4132; x_wconf 84' lang='lat' dir='ltr'><strong>ﬁdem</strong></span> <span class='ocrx_word' id='word_1_545' title='bbox 1943 4078 2030 4131; x_wconf 91' lang='lat' dir='ltr'><strong>di-</strong></span> 
     </span>
    </p>
   </div>
   <div class='ocr_carea' id='block_1_71' title="bbox 427 4151 2033 4224">
    <p class='ocr_par' dir='ltr' id='par_1_71' title="bbox 427 4151 2033 4224">
     <span class='ocr_line' id='line_1_71' title="bbox 427 4151 2033 4224; baseline 0.008 -16"><span class='ocrx_word' id='word_1_546' title='bbox 427 4151 530 4208; x_wconf 89' lang='lat' dir='ltr'><strong>ctis</strong></span> <span class='ocrx_word' id='word_1_547' title='bbox 557 4153 866 4224; x_wconf 70' lang='lat' dir='ltr'><strong>praebuerat</strong></span> <span class='ocrx_word' id='word_1_548' title='bbox 892 4157 1140 4214; x_wconf 65' lang='lat' dir='ltr'><strong>aviculae.</strong></span> <span class='ocrx_word' id='word_1_549' title='bbox 1167 4160 1239 4214; x_wconf 84' lang='lat' dir='ltr'><strong>At</strong></span> <span class='ocrx_word' id='word_1_550' title='bbox 1266 4160 1382 4216; x_wconf 89' lang='lat' dir='ltr'><strong>avis</strong></span> <span class='ocrx_word' id='word_1_551' title='bbox 1411 4161 1484 4217; x_wconf 89' lang='lat' dir='ltr'><strong>ait</strong></span> <span class='ocrx_word' id='word_1_552' title='bbox 1511 4162 1591 4218; x_wconf 91' lang='lat' dir='ltr'><strong>illi</strong></span> <span class='ocrx_word' id='word_1_553' title='bbox 1630 4182 1642 4218; x_wconf 90' lang='lat'><strong>:</strong></span> <span class='ocrx_word' id='word_1_554' title='bbox 1687 4166 1803 4220; x_wconf 89' lang='lat' dir='ltr'><strong>Cito</strong></span> <span class='ocrx_word' id='word_1_555' title='bbox 1832 4165 2033 4221; x_wconf 89' lang='lat' dir='ltr'><strong>oblitus</strong></span> 
     </span>
    </p>
   </div>
   <div class='ocr_carea' id='block_1_72' title="bbox 432 4245 2031 4313">
    <p class='ocr_par' dir='ltr' id='par_1_72' title="bbox 432 4245 2031 4313">
     <span class='ocr_line' id='line_1_72' title="bbox 432 4245 2031 4313; baseline 0.01 -17"><span class='ocrx_word' id='word_1_556' title='bbox 432 4256 494 4297; x_wconf 86' lang='lat' dir='ltr'><strong>es</strong></span> <span class='ocrx_word' id='word_1_557' title='bbox 521 4258 721 4298; x_wconf 89' lang='lat' dir='ltr'><strong>sensus</strong></span> <span class='ocrx_word' id='word_1_558' title='bbox 751 4260 911 4313; x_wconf 88' lang='lat' dir='ltr'><strong>quem</strong></span> <span class='ocrx_word' id='word_1_559' title='bbox 945 4245 1040 4301; x_wconf 89' lang='lat' dir='ltr'><strong>tibi</strong></span> <span class='ocrx_word' id='word_1_560' title='bbox 1069 4248 1204 4303; x_wconf 81' lang='lat' dir='ltr'><strong>dixi.</strong></span> <span class='ocrx_word' id='word_1_561' title='bbox 1225 4250 1419 4306; x_wconf 89' lang='lat' dir='ltr'><strong>Nonne</strong></span> <span class='ocrx_word' id='word_1_562' title='bbox 1437 4253 1547 4307; x_wconf 85' lang='lat' dir='ltr'><strong>dixi</strong></span> <span class='ocrx_word' id='word_1_563' title='bbox 1568 4252 1660 4307; x_wconf 90' lang='lat' dir='ltr'><strong>tibi</strong></span> <span class='ocrx_word' id='word_1_564' title='bbox 1684 4271 1696 4307; x_wconf 90' lang='lat'><strong>:</strong></span> <span class='ocrx_word' id='word_1_565' title='bbox 1720 4255 1801 4309; x_wconf 91' lang='lat' dir='ltr'><strong>Ne</strong></span> <span class='ocrx_word' id='word_1_566' title='bbox 1829 4256 2031 4311; x_wconf 87' lang='lat' dir='ltr'><strong>credas</strong></span> 
     </span>
    </p>
   </div>
   <div class='ocr_carea' id='block_1_73' title="bbox 433 4338 2032 4423">
    <p class='ocr_par' dir='ltr' id='par_1_73' title="bbox 433 4338 2032 4423">
     <span class='ocr_line' id='line_1_73' title="bbox 433 4338 2032 4423; baseline 0.011 -31"><span class='ocrx_word' id='word_1_567' title='bbox 433 4338 690 4412; x_wconf 90' lang='lat' dir='ltr'><strong>quicquid</strong></span> <span class='ocrx_word' id='word_1_568' title='bbox 721 4341 815 4396; x_wconf 89' lang='lat' dir='ltr'><strong>tibi</strong></span> <span class='ocrx_word' id='word_1_569' title='bbox 843 4342 1053 4399; x_wconf 89' lang='lat' dir='ltr'><strong>dicetur</strong></span> <span class='ocrx_word' id='word_1_570' title='bbox 1079 4347 1107 4400; x_wconf 64' lang='grc' dir='ltr'><em>Ὺ</em></span> <span class='ocrx_word' id='word_1_571' title='bbox 1139 4345 1433 4415; x_wconf 87' lang='lat' dir='ltr'><strong>Quomodo</strong></span> <span class='ocrx_word' id='word_1_572' title='bbox 1461 4351 1641 4406; x_wconf 90' lang='lat' dir='ltr'><strong>credis</strong></span> <span class='ocrx_word' id='word_1_573' title='bbox 1669 4353 1815 4423; x_wconf 87' lang='lat' dir='ltr'><strong>quod</strong></span> <span class='ocrx_word' id='word_1_574' title='bbox 1857 4353 1911 4408; x_wconf 90' lang='lat' dir='ltr'><strong>in</strong></span> <span class='ocrx_word' id='word_1_575' title='bbox 1943 4370 2032 4410; x_wconf 91' lang='lat' dir='ltr'><strong>me</strong></span> 
     </span>
    </p>
   </div>
   <div class='ocr_carea' id='block_1_74' title="bbox 432 4428 2031 4515">
    <p class='ocr_par' dir='ltr' id='par_1_74' title="bbox 432 4428 2031 4515">
     <span class='ocr_line' id='line_1_74' title="bbox 432 4428 2031 4515; baseline 0.012 -34"><span class='ocrx_word' id='word_1_576' title='bbox 432 4428 502 4482; x_wconf 93' lang='lat' dir='ltr'><strong>sit</strong></span> <span class='ocrx_word' id='word_1_577' title='bbox 527 4428 800 4496; x_wconf 88' lang='lat' dir='ltr'><strong>jacinctus</strong></span> <span class='ocrx_word' id='word_1_578' title='bbox 832 4431 921 4503; x_wconf 88' lang='lat' dir='ltr'><strong>qui</strong></span> <span class='ocrx_word' id='word_1_579' title='bbox 953 4434 1027 4487; x_wconf 88' lang='lat' dir='ltr'><strong>sit</strong></span> <span class='ocrx_word' id='word_1_580' title='bbox 1055 4437 1318 4504; x_wconf 86' lang='lat' dir='ltr'><strong>ponderis</strong></span> <span class='ocrx_word' id='word_1_581' title='bbox 1350 4439 1508 4494; x_wconf 90' lang='lat' dir='ltr'><strong>unius</strong></span> <span class='ocrx_word' id='word_1_582' title='bbox 1535 4442 1736 4508; x_wconf 66' lang='lat' dir='ltr'><strong>unciae,</strong></span> <span class='ocrx_word' id='word_1_583' title='bbox 1766 4458 1888 4498; x_wconf 87' lang='lat' dir='ltr'><strong>cum</strong></span> <span class='ocrx_word' id='word_1_584' title='bbox 1926 4460 2031 4515; x_wconf 82' lang='lat' dir='ltr'><strong>ego</strong></span> 
     </span>
    </p>
   </div>
   <div class='ocr_carea' id='block_1_75' title="bbox 432 4528 2031 4599">
    <p class='ocr_par' dir='ltr' id='par_1_75' title="bbox 432 4528 2031 4599">
     <span class='ocr_line' id='line_1_75' title="bbox 432 4528 2031 4599; baseline 0.011 -21"><span class='ocrx_word' id='word_1_585' title='bbox 432 4531 540 4578; x_wconf 90' lang='lat' dir='ltr'><strong>tota</strong></span> <span class='ocrx_word' id='word_1_586' title='bbox 568 4538 680 4580; x_wconf 88' lang='lat' dir='ltr'><strong>non</strong></span> <span class='ocrx_word' id='word_1_587' title='bbox 708 4540 827 4580; x_wconf 86' lang='lat' dir='ltr'><strong>sum</strong></span> <span class='ocrx_word' id='word_1_588' title='bbox 860 4528 993 4582; x_wconf 79' lang='lat' dir='ltr'><strong>tanti</strong></span> <span class='ocrx_word' id='word_1_589' title='bbox 1027 4531 1289 4599; x_wconf 90' lang='lat' dir='ltr'><strong>ponderis</strong></span> <span class='ocrx_word' id='word_1_590' title='bbox 1317 4533 1348 4586; x_wconf 83' lang='lat'><strong>?</strong></span> <span class='ocrx_word' id='word_1_591' title='bbox 1390 4536 1457 4588; x_wconf 79' lang='lat' dir='ltr'><strong>Et</strong></span> <span class='ocrx_word' id='word_1_592' title='bbox 1486 4549 1593 4591; x_wconf 92' lang='lat' dir='ltr'><strong>non</strong></span> <span class='ocrx_word' id='word_1_593' title='bbox 1622 4537 1736 4591; x_wconf 77' lang='lat' dir='ltr'><strong>dixi</strong></span> <span class='ocrx_word' id='word_1_594' title='bbox 1781 4539 1913 4594; x_wconf 91' lang='lat' dir='ltr'><strong>tibi:</strong></span> <span class='ocrx_word' id='word_1_595' title='bbox 1948 4541 2031 4595; x_wconf 88' lang='lat' dir='ltr'><strong>Ne</strong></span> 
     </span>
    </p>
   </div>
   <div class='ocr_carea' id='block_1_76' title="bbox 431 4608 2110 4699">
    <p class='ocr_par' dir='ltr' id='par_1_76' title="bbox 431 4608 2110 4699">
     <span class='ocr_line' id='line_1_76' title="bbox 431 4608 2110 4699; baseline 0.011 -32"><span class='ocrx_word' id='word_1_596' title='bbox 431 4612 622 4670; x_wconf 85' lang='lat' dir='ltr'><strong>doleas</strong></span> <span class='ocrx_word' id='word_1_597' title='bbox 648 4614 717 4670; x_wconf 87' lang='lat' dir='ltr'><strong>de</strong></span> <span class='ocrx_word' id='word_1_598' title='bbox 745 4616 912 4671; x_wconf 89' lang='lat' dir='ltr'><strong>rebus</strong></span> <span class='ocrx_word' id='word_1_599' title='bbox 938 4618 1200 4675; x_wconf 82' lang='lat' dir='ltr'><strong>amissis?</strong></span> <span class='ocrx_word' id='word_1_600' title='bbox 1233 4620 1419 4689; x_wconf 87' lang='lat' dir='ltr'><strong>Quare</strong></span> <span class='ocrx_word' id='word_1_601' title='bbox 1449 4639 1550 4695; x_wconf 85' lang='lat' dir='ltr'><strong>pro</strong></span> <span class='ocrx_word' id='word_1_602' title='bbox 1573 4626 1812 4695; x_wconf 83' lang='lat' dir='ltr'><strong>jacincto</strong></span> <span class='ocrx_word' id='word_1_603' title='bbox 1849 4629 1941 4699; x_wconf 89' lang='lat' dir='ltr'><strong>qui</strong></span> <span class='ocrx_word' id='word_1_604' title='bbox 1974 4629 2027 4684; x_wconf 90' lang='lat' dir='ltr'><strong>in</strong></span> <span class='ocrx_word' id='word_1_605' title='bbox 2058 4608 2110 4669; x_wconf 84' lang='lat' dir='ltr'><strong>D</strong></span> 
     </span>
    </p>
   </div>
   <div class='ocr_carea' id='block_1_77' title="bbox 432 4702 2029 4775">
    <p class='ocr_par' dir='ltr' id='par_1_77' title="bbox 432 4702 2029 4775">
     <span class='ocr_line' id='line_1_77' title="bbox 432 4702 2029 4775; baseline 0.011 -18"><span class='ocrx_word' id='word_1_606' title='bbox 432 4717 524 4758; x_wconf 90' lang='lat' dir='ltr'><strong>me</strong></span> <span class='ocrx_word' id='word_1_607' title='bbox 553 4709 637 4758; x_wconf 90' lang='lat' dir='ltr'><strong>est</strong></span> <span class='ocrx_word' id='word_1_608' title='bbox 656 4702 814 4759; x_wconf 89' lang='lat' dir='ltr'><strong>doles</strong></span> <span class='ocrx_word' id='word_1_609' title='bbox 835 4705 863 4758; x_wconf 80' lang='lat'>?</span> <span class='ocrx_word' id='word_1_610' title='bbox 891 4706 1114 4763; x_wconf 89' lang='lat' dir='ltr'><strong>Talibus</strong></span> <span class='ocrx_word' id='word_1_611' title='bbox 1154 4709 1312 4766; x_wconf 85' lang='lat' dir='ltr'><strong>dictis</strong></span> <span class='ocrx_word' id='word_1_612' title='bbox 1352 4713 1559 4770; x_wconf 90' lang='lat' dir='ltr'><strong>rustico</strong></span> <span class='ocrx_word' id='word_1_613' title='bbox 1603 4715 1788 4772; x_wconf 84' lang='lat' dir='ltr'><strong>derisu</strong></span> <span class='ocrx_word' id='word_1_614' title='bbox 1829 4718 1945 4774; x_wconf 91' lang='lat' dir='ltr'><strong>avis</strong></span> <span class='ocrx_word' id='word_1_615' title='bbox 1974 4719 2029 4775; x_wconf 91' lang='lat' dir='ltr'><strong>in</strong></span> 
     </span>
    </p>
   </div>
   <div class='ocr_carea' id='block_1_78' title="bbox 430 4789 1154 4852">
    <p class='ocr_par' dir='ltr' id='par_1_78' title="bbox 430 4789 1154 4852">
     <span class='ocr_line' id='line_1_78' title="bbox 430 4789 1154 4852; baseline 0.007 -6"><span class='ocrx_word' id='word_1_616' title='bbox 430 4789 671 4847; x_wconf 89' lang='lat' dir='ltr'><strong>nemoris</strong></span> <span class='ocrx_word' id='word_1_617' title='bbox 700 4792 827 4849; x_wconf 88' lang='lat' dir='ltr'><strong>avia</strong></span> <span class='ocrx_word' id='word_1_618' title='bbox 855 4793 1154 4852; x_wconf 81' lang='lat' dir='ltr'><strong>devolavit.</strong></span> 
     </span>
    </p>
   </div>
   <div class='ocr_carea' id='block_1_79' title="bbox 500 4879 2026 4964">
    <p class='ocr_par' dir='ltr' id='par_1_79' title="bbox 500 4879 2026 4964">
     <span class='ocr_line' id='line_1_79' title="bbox 500 4879 2026 4964; baseline 0.012 -29"><span class='ocrx_word' id='word_1_619' title='bbox 500 4879 862 4953; x_wconf 78' lang='lat' dir='ltr'><strong>Philosoth</strong></span> <span class='ocrx_word' id='word_1_620' title='bbox 890 4899 1048 4938; x_wconf 90' lang='lat' dir='ltr'><strong>suum</strong></span> <span class='ocrx_word' id='word_1_621' title='bbox 1091 4887 1384 4960; x_wconf 83' lang='lat' dir='ltr'><strong>castigavit</strong></span> <span class='ocrx_word' id='word_1_622' title='bbox 1432 4888 1763 4964; x_wconf 88' lang='lat' dir='ltr'><strong>discipulum</strong></span> <span class='ocrx_word' id='word_1_623' title='bbox 1790 4896 1980 4953; x_wconf 88' lang='lat' dir='ltr'><strong>dicens</strong></span> <span class='ocrx_word' id='word_1_624' title='bbox 2014 4916 2026 4953; x_wconf 93' lang='lat'><strong>:</strong></span> 
     </span>
    </p>
   </div>
   <div class='ocr_carea' id='block_1_80' title="bbox 429 4966 2032 5058">
    <p class='ocr_par' dir='ltr' id='par_1_80' title="bbox 429 4966 2032 5058">
     <span class='ocr_line' id='line_1_80' title="bbox 429 4966 2032 5058; baseline 0.013 -36"><span class='ocrx_word' id='word_1_625' title='bbox 429 4966 700 5039; x_wconf 90' lang='lat' dir='ltr'><strong>Quicquid</strong></span> <span class='ocrx_word' id='word_1_626' title='bbox 732 4968 979 5027; x_wconf 89' lang='lat' dir='ltr'><strong>invenies</strong></span> <span class='ocrx_word' id='word_1_627' title='bbox 998 4973 1173 5044; x_wconf 84' lang='lat' dir='ltr'><strong>legas,</strong></span> <span class='ocrx_word' id='word_1_628' title='bbox 1190 4977 1288 5032; x_wconf 90' lang='lat' dir='ltr'><strong>sed</strong></span> <span class='ocrx_word' id='word_1_629' title='bbox 1318 4994 1427 5033; x_wconf 90' lang='lat' dir='ltr'><strong>non</strong></span> <span class='ocrx_word' id='word_1_630' title='bbox 1457 4982 1651 5038; x_wconf 90' lang='lat' dir='ltr'><strong>credas</strong></span> <span class='ocrx_word' id='word_1_631' title='bbox 1672 4985 1930 5058; x_wconf 89' lang='lat' dir='ltr'><strong>quicquid</strong></span> <span class='ocrx_word' id='word_1_632' title='bbox 1964 4987 2032 5044; x_wconf 81' lang='lat' dir='ltr'><strong>le-</strong></span> 
     </span>
    </p>
   </div>
   <div class='ocr_carea' id='block_1_81' title="bbox 428 5058 2027 5134">
    <p class='ocr_par' dir='ltr' id='par_1_81' title="bbox 428 5058 2027 5134">
     <span class='ocr_line' id='line_1_81' title="bbox 428 5058 2027 5134; baseline 0.013 -21"><span class='ocrx_word' id='word_1_633' title='bbox 428 5058 601 5129; x_wconf 82' lang='lat' dir='ltr'><strong>geris.</strong></span> <span class='ocrx_word' id='word_1_634' title='bbox 657 5059 742 5113; x_wconf 82' lang='lat' dir='ltr'><strong>Ad</strong></span> <span class='ocrx_word' id='word_1_635' title='bbox 787 5060 907 5117; x_wconf 68' lang='lat' dir='ltr'><strong>haec</strong></span> <span class='ocrx_word' id='word_1_636' title='bbox 946 5061 1251 5134; x_wconf 90' lang='lat' dir='ltr'><strong>discipulus</strong></span> <span class='ocrx_word' id='word_1_637' title='bbox 1286 5083 1300 5121; x_wconf 91' lang='lat'><strong>:</strong></span> <span class='ocrx_word' id='word_1_638' title='bbox 1339 5067 1517 5124; x_wconf 90' lang='lat' dir='ltr'><strong>Credo</strong></span> <span class='ocrx_word' id='word_1_639' title='bbox 1546 5087 1656 5126; x_wconf 91' lang='lat' dir='ltr'><strong>non</strong></span> <span class='ocrx_word' id='word_1_640' title='bbox 1685 5089 1809 5129; x_wconf 85' lang='lat' dir='ltr'><strong>esse</strong></span> <span class='ocrx_word' id='word_1_641' title='bbox 1836 5092 2027 5132; x_wconf 82' lang='lat' dir='ltr'><strong>verum</strong></span> 
     </span>
    </p>
   </div>
   <div class='ocr_carea' id='block_1_82' title="bbox 427 5143 2021 5229">
    <p class='ocr_par' dir='ltr' id='par_1_82' title="bbox 427 5143 2021 5229">
     <span class='ocr_line' id='line_1_82' title="bbox 427 5143 2021 5229; baseline 0.013 -33"><span class='ocrx_word' id='word_1_642' title='bbox 427 5143 685 5213; x_wconf 89' lang='lat' dir='ltr'><strong>quicquid</strong></span> <span class='ocrx_word' id='word_1_643' title='bbox 712 5144 792 5198; x_wconf 89' lang='lat' dir='ltr'><strong>esi</strong></span> <span class='ocrx_word' id='word_1_644' title='bbox 823 5144 879 5198; x_wconf 91' lang='lat' dir='ltr'><strong>in</strong></span> <span class='ocrx_word' id='word_1_645' title='bbox 908 5144 1082 5211; x_wconf 79' lang='lat' dir='ltr'><strong>libris,</strong></span> <span class='ocrx_word' id='word_1_646' title='bbox 1117 5164 1244 5204; x_wconf 89' lang='lat' dir='ltr'><strong>nam</strong></span> <span class='ocrx_word' id='word_1_647' title='bbox 1275 5151 1454 5209; x_wconf 90' lang='lat' dir='ltr'><strong>simile</strong></span> <span class='ocrx_word' id='word_1_648' title='bbox 1487 5155 1612 5212; x_wconf 91' lang='lat' dir='ltr'><strong>huic</strong></span> <span class='ocrx_word' id='word_1_649' title='bbox 1644 5157 1753 5229; x_wconf 82' lang='lat' dir='ltr'><strong>legi</strong></span> <span class='ocrx_word' id='word_1_650' title='bbox 1782 5160 1836 5213; x_wconf 91' lang='lat' dir='ltr'><strong>in</strong></span> <span class='ocrx_word' id='word_1_651' title='bbox 1869 5161 2021 5217; x_wconf 84' lang='lat' dir='ltr'><strong>libris</strong></span> 
     </span>
    </p>
   </div>
   <div class='ocr_carea' id='block_1_83' title="bbox 426 5231 2022 5319">
    <p class='ocr_par' dir='ltr' id='par_1_83' title="bbox 426 5231 2022 5319">
     <span class='ocr_line' id='line_1_83' title="bbox 426 5231 2022 5319; baseline 0.014 -34"><span class='ocrx_word' id='word_1_652' title='bbox 426 5239 478 5286; x_wconf 91' lang='lat' dir='ltr'><strong>et</strong></span> <span class='ocrx_word' id='word_1_653' title='bbox 507 5231 817 5302; x_wconf 90' lang='lat' dir='ltr'><strong>proverbiis</strong></span> <span class='ocrx_word' id='word_1_654' title='bbox 850 5234 1304 5306; x_wconf 87' lang='lat' dir='ltr'><strong>philos0phorum</strong></span> <span class='ocrx_word' id='word_1_655' title='bbox 1331 5257 1343 5295; x_wconf 91' lang='lat'><strong>:</strong></span> <span class='ocrx_word' id='word_1_656' title='bbox 1392 5243 1575 5299; x_wconf 60' lang='lat' dir='ltr'><strong>Multae</strong></span> <span class='ocrx_word' id='word_1_657' title='bbox 1603 5255 1730 5301; x_wconf 89' lang='lat' dir='ltr'><strong>sunt</strong></span> <span class='ocrx_word' id='word_1_658' title='bbox 1771 5250 2022 5319; x_wconf 86' lang='lat' dir='ltr'><strong>arbores,</strong></span> 
     </span>
    </p>
   </div>
   <div class='ocr_carea' id='block_1_84' title="bbox 425 5319 2020 5405">
    <p class='ocr_par' dir='ltr' id='par_1_84' title="bbox 425 5319 2020 5405">
     <span class='ocr_line' id='line_1_84' title="bbox 425 5319 2020 5405; baseline 0.016 -33"><span class='ocrx_word' id='word_1_659' title='bbox 425 5319 524 5374; x_wconf 90' lang='lat' dir='ltr'><strong>sed</strong></span> <span class='ocrx_word' id='word_1_660' title='bbox 553 5335 626 5374; x_wconf 89' lang='lat' dir='ltr'><strong>no</strong></span> <span class='ocrx_word' id='word_1_661' title='bbox 654 5336 847 5377; x_wconf 87' lang='lat' dir='ltr'><strong>omnes</strong></span> <span class='ocrx_word' id='word_1_662' title='bbox 876 5322 1086 5379; x_wconf 84' lang='lat' dir='ltr'><strong>faciunt</strong></span> <span class='ocrx_word' id='word_1_663' title='bbox 1115 5325 1348 5383; x_wconf 79' lang='lat' dir='ltr'><strong>fructum</strong></span> <span class='ocrx_word' id='word_1_664' title='bbox 1372 5347 1386 5393; x_wconf 86' lang='lat'><strong>;</strong></span> <span class='ocrx_word' id='word_1_665' title='bbox 1438 5334 1591 5387; x_wconf 91' lang='lat' dir='ltr'><strong>multi</strong></span> <span class='ocrx_word' id='word_1_666' title='bbox 1632 5344 1757 5391; x_wconf 90' lang='lat' dir='ltr'><strong>sunt</strong></span> <span class='ocrx_word' id='word_1_667' title='bbox 1797 5337 2020 5405; x_wconf 80' lang='lat' dir='ltr'><strong>fructus,</strong></span> 
     </span>
    </p>
   </div>
   <div class='ocr_carea' id='block_1_85' title="bbox 423 5406 2023 5496">
    <p class='ocr_par' dir='ltr' id='par_1_85' title="bbox 423 5406 2023 5496">
     <span class='ocr_line' id='line_1_85' title="bbox 423 5406 2023 5496; baseline 0.018 -39"><span class='ocrx_word' id='word_1_668' title='bbox 423 5406 522 5496; x_wconf 71' lang='lat' dir='ltr'><strong>sed</strong></span> <span class='ocrx_word' id='word_1_669' title='bbox 578 5422 687 5461; x_wconf 88' lang='lat' dir='ltr'><strong>non</strong></span> <span class='ocrx_word' id='word_1_670' title='bbox 758 5424 950 5466; x_wconf 89' lang='lat' dir='ltr'><strong>omnes</strong></span> <span class='ocrx_word' id='word_1_671' title='bbox 1024 5416 1415 5474; x_wconf 86' lang='lat' dir='ltr'><strong>comestibiles.</strong></span> <span class='ocrx_word' id='word_1_672' title='bbox 1493 5422 1793 5496; x_wconf 83' lang='lat' dir='ltr'><strong>Castigavit</strong></span> <span class='ocrx_word' id='word_1_673' title='bbox 1847 5429 2023 5485; x_wconf 81' lang='lat' dir='ltr'><strong>Arabs</strong></span> 
     </span>
    </p>
   </div>
   <div class='ocr_carea' id='block_1_86' title="bbox 423 5490 2018 5584">
    <p class='ocr_par' dir='ltr' id='par_1_86' title="bbox 423 5490 2018 5584">
     <span class='ocr_line' id='line_1_86' title="bbox 423 5490 2018 5584; baseline 0.019 -40"><span class='ocrx_word' id='word_1_674' title='bbox 423 5490 591 5547; x_wconf 82' lang='lat' dir='ltr'><strong>lilium</strong></span> <span class='ocrx_word' id='word_1_675' title='bbox 642 5511 795 5584; x_wconf 82' lang='lat' dir='ltr'><strong>suum</strong></span> <span class='ocrx_word' id='word_1_676' title='bbox 842 5498 1059 5556; x_wconf 89' lang='lat' dir='ltr'><strong>dicens:</strong></span> <span class='ocrx_word' id='word_1_677' title='bbox 1117 5505 1233 5571; x_wconf 85' lang='lat' dir='ltr'><strong>Fili,</strong></span> <span class='ocrx_word' id='word_1_678' title='bbox 1268 5524 1337 5562; x_wconf 90' lang='lat' dir='ltr'><strong>ne</strong></span> <span class='ocrx_word' id='word_1_679' title='bbox 1378 5509 1615 5566; x_wconf 87' lang='lat' dir='ltr'><strong>dimittas</strong></span> <span class='ocrx_word' id='word_1_680' title='bbox 1644 5490 1766 5584; x_wconf 44' lang='lat' dir='ltr'><strong>&#39;pro</strong></span> <span class='ocrx_word' id='word_1_681' title='bbox 1823 5516 2018 5574; x_wconf 80' lang='lat' dir='ltr'><strong>futuris</strong></span> 
     </span>
    </p>
   </div>
   <div class='ocr_carea' id='block_1_87' title="bbox 417 5581 2017 5673">
    <p class='ocr_par' dir='ltr' id='par_1_87' title="bbox 417 5581 2017 5673">
     <span class='ocr_line' id='line_1_87' title="bbox 417 5581 2017 5673; baseline 0.021 -42"><span class='ocrx_word' id='word_1_682' title='bbox 417 5581 727 5673; x_wconf 74' lang='lat' dir='ltr'><strong>praesentia,</strong></span> <span class='ocrx_word' id='word_1_683' title='bbox 749 5600 825 5673; x_wconf 78' lang='lat' dir='ltr'><strong>ne</strong></span> <span class='ocrx_word' id='word_1_684' title='bbox 856 5584 1080 5644; x_wconf 79' lang='lat' dir='ltr'><strong>forsitan</strong></span> <span class='ocrx_word' id='word_1_685' title='bbox 1103 5595 1303 5661; x_wconf 87' lang='lat' dir='ltr'><strong>perdas</strong></span> <span class='ocrx_word' id='word_1_686' title='bbox 1335 5608 1647 5673; x_wconf 88' lang='lat' dir='ltr'><strong>utrumque,</strong></span> <span class='ocrx_word' id='word_1_687' title='bbox 1667 5581 1816 5661; x_wconf 25' lang='lat' dir='ltr'><strong>vsicut</strong></span> <span class='ocrx_word' id='word_1_688' title='bbox 1837 5609 2017 5666; x_wconf 88' lang='lat' dir='ltr'><strong>evenit</strong></span> 
     </span>
    </p>
   </div>
   <div class='ocr_carea' id='block_1_88' title="bbox 416 5662 1497 5744">
    <p class='ocr_par' dir='ltr' id='par_1_88' title="bbox 416 5662 1497 5744">
     <span class='ocr_line' id='line_1_88' title="bbox 416 5662 1497 5744; baseline 0.024 -27"><span class='ocrx_word' id='word_1_689' title='bbox 416 5662 547 5738; x_wconf 86' lang='lat' dir='ltr'><strong>lupo</strong></span> <span class='ocrx_word' id='word_1_690' title='bbox 575 5668 644 5724; x_wconf 92' lang='lat' dir='ltr'><strong>de</strong></span> <span class='ocrx_word' id='word_1_691' title='bbox 673 5669 848 5726; x_wconf 86' lang='lat' dir='ltr'><strong>bobus</strong></span> <span class='ocrx_word' id='word_1_692' title='bbox 875 5679 1169 5744; x_wconf 79' lang='lat' dir='ltr'><strong>promissis</strong></span> <span class='ocrx_word' id='word_1_693' title='bbox 1207 5698 1239 5737; x_wconf 88' lang='lat' dir='ltr'><strong>a</strong></span> <span class='ocrx_word' id='word_1_694' title='bbox 1269 5686 1497 5743; x_wconf 89' lang='lat' dir='ltr'><strong>rustico.</strong></span> 
     </span>
    </p>
   </div>
   <div class='ocr_carea' id='block_1_89' title="bbox 1014 5800 1473 5864">
    <p class='ocr_par' dir='ltr' id='par_1_89' title="bbox 1014 5800 1473 5864">
     <span class='ocr_line' id='line_1_89' title="bbox 1014 5800 1473 5864; baseline 0.022 -10"><span class='ocrx_word' id='word_1_695' title='bbox 1014 5800 1283 5862; x_wconf 68' lang='lat' dir='ltr'><strong>FABULA</strong></span> <span class='ocrx_word' id='word_1_696' title='bbox 1322 5804 1473 5864; x_wconf 75' lang='lat' dir='ltr'><strong>XXI.</strong></span> 
     </span>
    </p>
   </div>
   <div class='ocr_carea' id='block_1_90' title="bbox 471 5909 2006 6006">
    <p class='ocr_par' dir='ltr' id='par_1_90' title="bbox 471 5909 2006 6006">
     <span class='ocr_line' id='line_1_90' title="bbox 471 5909 2006 6006; baseline 0.027 -43"><span class='ocrx_word' id='word_1_697' title='bbox 471 5909 687 5969; x_wconf 87' lang='lat' dir='ltr'><strong>Dictum</strong></span> <span class='ocrx_word' id='word_1_698' title='bbox 719 5929 954 5989; x_wconf 88' lang='lat' dir='ltr'><strong>namque</strong></span> <span class='ocrx_word' id='word_1_699' title='bbox 984 5921 1079 5978; x_wconf 80' lang='lat' dir='ltr'><strong>fuit</strong></span> <span class='ocrx_word' id='word_1_700' title='bbox 1109 5926 1177 5982; x_wconf 89' lang='lat' dir='ltr'><strong>de</strong></span> <span class='ocrx_word' id='word_1_701' title='bbox 1224 5938 1438 5987; x_wconf 88' lang='lat' dir='ltr'><strong>aratore</strong></span> <span class='ocrx_word' id='word_1_702' title='bbox 1480 5938 1621 6006; x_wconf 90' lang='lat' dir='ltr'><strong>quod</strong></span> <span class='ocrx_word' id='word_1_703' title='bbox 1654 5940 1826 5998; x_wconf 87' lang='lat' dir='ltr'><strong>boves</strong></span> <span class='ocrx_word' id='word_1_704' title='bbox 1859 5945 2006 6005; x_wconf 82' lang='lat' dir='ltr'><strong>illius</strong></span> 
     </span>
    </p>
   </div>
   <div class='ocr_carea' id='block_1_91' title="bbox 2142 3323 3730 3400">
    <p class='ocr_par' dir='ltr' id='par_1_91' title="bbox 2142 3323 3730 3400">
     <span class='ocr_line' id='line_1_91' title="bbox 2142 3323 3730 3400; baseline -0.004 -18"><span class='ocrx_word' id='word_1_705' title='bbox 2142 3327 2371 3384; x_wconf 84' lang='lat' dir='ltr'><strong>formam</strong></span> <span class='ocrx_word' id='word_1_706' title='bbox 2428 3329 2568 3384; x_wconf 81' lang='lat' dir='ltr'><strong>laute</strong></span> <span class='ocrx_word' id='word_1_707' title='bbox 2625 3328 2942 3400; x_wconf 74' lang='lat' dir='ltr'><strong>semiplenae</strong></span> <span class='ocrx_word' id='word_1_708' title='bbox 2997 3329 3052 3383; x_wconf 91' lang='lat' dir='ltr'><strong>in</strong></span> <span class='ocrx_word' id='word_1_709' title='bbox 3107 3329 3214 3384; x_wconf 89' lang='lat' dir='ltr'><strong>ima</strong></span> <span class='ocrx_word' id='word_1_710' title='bbox 3260 3326 3406 3399; x_wconf 87' lang='lat' dir='ltr'><strong>putei</strong></span> <span class='ocrx_word' id='word_1_711' title='bbox 3468 3323 3730 3380; x_wconf 89' lang='lat' dir='ltr'><strong>radiantis</strong></span> 
     </span>
    </p>
   </div>
   <div class='ocr_carea' id='block_1_92' title="bbox 2142 3412 3725 3490">
    <p class='ocr_par' dir='ltr' id='par_1_92' title="bbox 2142 3412 3725 3490">
     <span class='ocr_line' id='line_1_92' title="bbox 2142 3412 3725 3490; baseline -0.003 -17"><span class='ocrx_word' id='word_1_712' title='bbox 2142 3418 2381 3473; x_wconf 85' lang='lat' dir='ltr'><strong>ostendit</strong></span> <span class='ocrx_word' id='word_1_713' title='bbox 2406 3425 2461 3474; x_wconf 91' lang='lat' dir='ltr'><strong>et</strong></span> <span class='ocrx_word' id='word_1_714' title='bbox 2488 3418 2663 3490; x_wconf 88' lang='lat' dir='ltr'><strong>inquit</strong></span> <span class='ocrx_word' id='word_1_715' title='bbox 2688 3437 2700 3472; x_wconf 92' lang='lat'><strong>:</strong></span> <span class='ocrx_word' id='word_1_716' title='bbox 2733 3419 2834 3475; x_wconf 83' lang='lat' dir='ltr'><strong>Hic</strong></span> <span class='ocrx_word' id='word_1_717' title='bbox 2863 3426 2946 3474; x_wconf 84' lang='lat' dir='ltr'><strong>est</strong></span> <span class='ocrx_word' id='word_1_718' title='bbox 2960 3433 3156 3474; x_wconf 86' lang='lat' dir='ltr'><strong>caseus</strong></span> <span class='ocrx_word' id='word_1_719' title='bbox 3177 3433 3338 3489; x_wconf 89' lang='lat' dir='ltr'><strong>quem</strong></span> <span class='ocrx_word' id='word_1_720' title='bbox 3360 3415 3455 3471; x_wconf 90' lang='lat' dir='ltr'><strong>tibi</strong></span> <span class='ocrx_word' id='word_1_721' title='bbox 3477 3412 3725 3486; x_wconf 87' lang='lat' dir='ltr'><strong>promisi,</strong></span> 
     </span>
    </p>
   </div>
   <div class='ocr_carea' id='block_1_93' title="bbox 2141 3510 3727 3588">
    <p class='ocr_par' dir='ltr' id='par_1_93' title="bbox 2141 3510 3727 3588">
     <span class='ocr_line' id='line_1_93' title="bbox 2141 3510 3727 3588; baseline -0.003 -17"><span class='ocrx_word' id='word_1_722' title='bbox 2141 3516 2420 3573; x_wconf 89' lang='lat' dir='ltr'><strong>descende</strong></span> <span class='ocrx_word' id='word_1_723' title='bbox 2448 3517 2493 3571; x_wconf 90' lang='lat' dir='ltr'><strong>si</strong></span> <span class='ocrx_word' id='word_1_724' title='bbox 2523 3517 2723 3588; x_wconf 88' lang='lat' dir='ltr'><strong>placet,</strong></span> <span class='ocrx_word' id='word_1_725' title='bbox 2753 3525 2807 3572; x_wconf 90' lang='lat' dir='ltr'><strong>et</strong></span> <span class='ocrx_word' id='word_1_726' title='bbox 2838 3516 3085 3573; x_wconf 89' lang='lat' dir='ltr'><strong>comede.</strong></span> <span class='ocrx_word' id='word_1_727' title='bbox 3119 3514 3203 3572; x_wconf 80' lang='lat' dir='ltr'><strong>Ad</strong></span> <span class='ocrx_word' id='word_1_728' title='bbox 3233 3517 3350 3571; x_wconf 64' lang='lat' dir='ltr'><strong>hinc</strong></span> <span class='ocrx_word' id='word_1_729' title='bbox 3373 3511 3569 3586; x_wconf 83' lang='lat' dir='ltr'><strong>lupus:</strong></span> <span class='ocrx_word' id='word_1_730' title='bbox 3615 3510 3727 3568; x_wconf 89' lang='lat' dir='ltr'><strong>De-</strong></span> 
     </span>
    </p>
   </div>
   <div class='ocr_carea' id='block_1_94' title="bbox 2143 3602 3733 3677">
    <p class='ocr_par' dir='ltr' id='par_1_94' title="bbox 2143 3602 3733 3677">
     <span class='ocr_line' id='line_1_94' title="bbox 2143 3602 3733 3677; baseline -0.004 -15"><span class='ocrx_word' id='word_1_731' title='bbox 2143 3605 2346 3662; x_wconf 88' lang='lat' dir='ltr'><strong>scende</strong></span> <span class='ocrx_word' id='word_1_732' title='bbox 2374 3606 2641 3677; x_wconf 83' lang='lat' dir='ltr'><strong>primitus,</strong></span> <span class='ocrx_word' id='word_1_733' title='bbox 2675 3612 2727 3662; x_wconf 90' lang='lat' dir='ltr'><strong>et</strong></span> <span class='ocrx_word' id='word_1_734' title='bbox 2757 3606 2801 3662; x_wconf 90' lang='lat' dir='ltr'><strong>si</strong></span> <span class='ocrx_word' id='word_1_735' title='bbox 2833 3605 2951 3661; x_wconf 85' lang='lat' dir='ltr'><strong>sola</strong></span> <span class='ocrx_word' id='word_1_736' title='bbox 2971 3605 3190 3661; x_wconf 79' lang='lat' dir='ltr'><strong>deferre</strong></span> <span class='ocrx_word' id='word_1_737' title='bbox 3205 3620 3314 3659; x_wconf 89' lang='lat' dir='ltr'><strong>non</strong></span> <span class='ocrx_word' id='word_1_738' title='bbox 3332 3602 3558 3674; x_wconf 87' lang='lat' dir='ltr'><strong>poteris,</strong></span> <span class='ocrx_word' id='word_1_739' title='bbox 3592 3609 3650 3655; x_wconf 91' lang='lat' dir='ltr'><strong>ut</strong></span> <span class='ocrx_word' id='word_1_740' title='bbox 3678 3607 3733 3656; x_wconf 89' lang='lat' dir='ltr'><strong>te</strong></span> 
     </span>
    </p>
   </div>
   <div class='ocr_carea' id='block_1_95' title="bbox 2136 3689 3731 3767">
    <p class='ocr_par' dir='ltr' id='par_1_95' title="bbox 2136 3689 3731 3767">
     <span class='ocr_line' id='line_1_95' title="bbox 2136 3689 3731 3767; baseline -0.004 -17"><span class='ocrx_word' id='word_1_741' title='bbox 2136 3695 2323 3764; x_wconf 90' lang='lat' dir='ltr'><strong>juvem</strong></span> <span class='ocrx_word' id='word_1_742' title='bbox 2352 3694 2547 3751; x_wconf 88' lang='lat' dir='ltr'><strong>faciam</strong></span> <span class='ocrx_word' id='word_1_743' title='bbox 2578 3695 2725 3767; x_wconf 89' lang='lat' dir='ltr'><strong>quod</strong></span> <span class='ocrx_word' id='word_1_744' title='bbox 2772 3696 3033 3751; x_wconf 88' lang='lat' dir='ltr'><strong>hortaris.</strong></span> <span class='ocrx_word' id='word_1_745' title='bbox 3073 3694 3142 3749; x_wconf 86' lang='lat' dir='ltr'><strong>Et</strong></span> <span class='ocrx_word' id='word_1_746' title='bbox 3166 3695 3275 3750; x_wconf 82' lang='lat' dir='ltr'><strong>hoc</strong></span> <span class='ocrx_word' id='word_1_747' title='bbox 3303 3692 3450 3748; x_wconf 86' lang='lat' dir='ltr'><strong>dicto</strong></span> <span class='ocrx_word' id='word_1_748' title='bbox 3478 3689 3731 3747; x_wconf 89' lang='lat' dir='ltr'><strong>viderunt</strong></span> 
     </span>
    </p>
   </div>
   <div class='ocr_carea' id='block_1_96' title="bbox 2141 3791 3729 3864">
    <p class='ocr_par' dir='ltr' id='par_1_96' title="bbox 2141 3791 3729 3864">
     <span class='ocr_line' id='line_1_96' title="bbox 2141 3791 3729 3864; baseline -0.004 -17"><span class='ocrx_word' id='word_1_749' title='bbox 2141 3791 2368 3848; x_wconf 89' lang='lat' dir='ltr'><strong>cordam</strong></span> <span class='ocrx_word' id='word_1_750' title='bbox 2416 3793 2745 3864; x_wconf 88' lang='lat' dir='ltr'><strong>pendentem</strong></span> <span class='ocrx_word' id='word_1_751' title='bbox 2800 3792 2856 3847; x_wconf 89' lang='lat' dir='ltr'><strong>in</strong></span> <span class='ocrx_word' id='word_1_752' title='bbox 2894 3801 3097 3863; x_wconf 88' lang='lat' dir='ltr'><strong>putueo</strong></span> <span class='ocrx_word' id='word_1_753' title='bbox 3136 3792 3193 3846; x_wconf 85' lang='lat' dir='ltr'><strong>in</strong></span> <span class='ocrx_word' id='word_1_754' title='bbox 3236 3792 3393 3860; x_wconf 86' lang='lat' dir='ltr'><strong>cujus</strong></span> <span class='ocrx_word' id='word_1_755' title='bbox 3421 3795 3583 3861; x_wconf 88' lang='lat' dir='ltr'><strong>caput</strong></span> <span class='ocrx_word' id='word_1_756' title='bbox 3610 3792 3729 3843; x_wconf 89' lang='lat' dir='ltr'><strong>erat</strong></span> 
     </span>
    </p>
   </div>
   <div class='ocr_carea' id='block_1_97' title="bbox 2139 3873 3724 3952">
    <p class='ocr_par' dir='ltr' id='par_1_97' title="bbox 2139 3873 3724 3952">
     <span class='ocr_line' id='line_1_97' title="bbox 2139 3873 3724 3952; baseline -0.004 -17"><span class='ocrx_word' id='word_1_757' title='bbox 2139 3880 2363 3937; x_wconf 86' lang='lat' dir='ltr'><strong>urceola</strong></span> <span class='ocrx_word' id='word_1_758' title='bbox 2391 3881 2551 3952; x_wconf 87' lang='lat' dir='ltr'><strong>ligata</strong></span> <span class='ocrx_word' id='word_1_759' title='bbox 2581 3890 2637 3938; x_wconf 89' lang='lat' dir='ltr'><strong>et</strong></span> <span class='ocrx_word' id='word_1_760' title='bbox 2664 3883 2719 3937; x_wconf 90' lang='lat' dir='ltr'><strong>in</strong></span> <span class='ocrx_word' id='word_1_761' title='bbox 2751 3881 2861 3938; x_wconf 90' lang='lat' dir='ltr'><strong>alio</strong></span> <span class='ocrx_word' id='word_1_762' title='bbox 2883 3881 3059 3952; x_wconf 89' lang='lat' dir='ltr'><strong>capite</strong></span> <span class='ocrx_word' id='word_1_763' title='bbox 3081 3880 3261 3937; x_wconf 63' lang='lat' dir='ltr'><strong>corde</strong></span> <span class='ocrx_word' id='word_1_764' title='bbox 3287 3879 3464 3935; x_wconf 89' lang='lat' dir='ltr'><strong>altera</strong></span> <span class='ocrx_word' id='word_1_765' title='bbox 3486 3873 3724 3941; x_wconf 87' lang='lat' dir='ltr'><strong>urceola,</strong></span> 
     </span>
    </p>
   </div>
   <div class='ocr_carea' id='block_1_98' title="bbox 2141 3964 3725 4042">
    <p class='ocr_par' dir='ltr' id='par_1_98' title="bbox 2141 3964 3725 4042">
     <span class='ocr_line' id='line_1_98' title="bbox 2141 3964 3725 4042; baseline -0.004 -17"><span class='ocrx_word' id='word_1_766' title='bbox 2141 3977 2194 4025; x_wconf 91' lang='lat' dir='ltr'><strong>et</strong></span> <span class='ocrx_word' id='word_1_767' title='bbox 2214 3970 2528 4041; x_wconf 88' lang='lat' dir='ltr'><strong>pendebant</strong></span> <span class='ocrx_word' id='word_1_768' title='bbox 2556 3971 2651 4027; x_wconf 89' lang='lat' dir='ltr'><strong>tali</strong></span> <span class='ocrx_word' id='word_1_769' title='bbox 2680 3969 2903 4042; x_wconf 74' lang='lat' dir='ltr'><strong>ingenio</strong></span> <span class='ocrx_word' id='word_1_770' title='bbox 2943 3970 3089 4042; x_wconf 88' lang='lat' dir='ltr'><strong>quod</strong></span> <span class='ocrx_word' id='word_1_771' title='bbox 3118 3983 3227 4024; x_wconf 89' lang='lat' dir='ltr'><strong>una</strong></span> <span class='ocrx_word' id='word_1_772' title='bbox 3272 3973 3531 4039; x_wconf 79' lang='lat' dir='ltr'><strong>surgente</strong></span> <span class='ocrx_word' id='word_1_773' title='bbox 3560 3964 3725 4020; x_wconf 88' lang='lat' dir='ltr'><strong>altera</strong></span> 
     </span>
    </p>
   </div>
   <div class='ocr_carea' id='block_1_99' title="bbox 2140 4063 3726 4140">
    <p class='ocr_par' dir='ltr' id='par_1_99' title="bbox 2140 4063 3726 4140">
     <span class='ocr_line' id='line_1_99' title="bbox 2140 4063 3726 4140; baseline -0.004 -18"><span class='ocrx_word' id='word_1_774' title='bbox 2140 4069 2532 4125; x_wconf 90' lang='lat' dir='ltr'><strong>descendebat.</strong></span> <span class='ocrx_word' id='word_1_775' title='bbox 2565 4067 2725 4139; x_wconf 89' lang='lat' dir='ltr'><strong>Quod</strong></span> <span class='ocrx_word' id='word_1_776' title='bbox 2755 4070 2945 4140; x_wconf 89' lang='lat' dir='ltr'><strong>vulpes</strong></span> <span class='ocrx_word' id='word_1_777' title='bbox 2994 4066 3155 4123; x_wconf 90' lang='lat' dir='ltr'><strong>simul</strong></span> <span class='ocrx_word' id='word_1_778' title='bbox 3182 4083 3245 4122; x_wconf 92' lang='lat' dir='ltr'><strong>ac</strong></span> <span class='ocrx_word' id='word_1_779' title='bbox 3273 4066 3410 4121; x_wconf 91' lang='lat' dir='ltr'><strong>vidit</strong></span> <span class='ocrx_word' id='word_1_780' title='bbox 3439 4063 3593 4136; x_wconf 84' lang='lat' dir='ltr'><strong>quasi</strong></span> <span class='ocrx_word' id='word_1_781' title='bbox 3622 4064 3726 4118; x_wconf 90' lang='lat' dir='ltr'><strong>ob-</strong></span> 
     </span>
    </p>
   </div>
   <div class='ocr_carea' id='block_1_100' title="bbox 2140 4151 3730 4230">
    <p class='ocr_par' dir='ltr' id='par_1_100' title="bbox 2140 4151 3730 4230">
     <span class='ocr_line' id='line_1_100' title="bbox 2140 4151 3730 4230; baseline -0.003 -19"><span class='ocrx_word' id='word_1_782' title='bbox 2140 4173 2375 4230; x_wconf 89' lang='lat' dir='ltr'><strong>sequens</strong></span> <span class='ocrx_word' id='word_1_783' title='bbox 2405 4160 2665 4230; x_wconf 89' lang='lat' dir='ltr'><strong>precibus</strong></span> <span class='ocrx_word' id='word_1_784' title='bbox 2704 4158 2817 4230; x_wconf 88' lang='lat' dir='ltr'><strong>lupi</strong></span> <span class='ocrx_word' id='word_1_785' title='bbox 2873 4157 3147 4214; x_wconf 89' lang='lat' dir='ltr'><strong>urceolam</strong></span> <span class='ocrx_word' id='word_1_786' title='bbox 3175 4155 3399 4212; x_wconf 88' lang='lat' dir='ltr'><strong>intravit</strong></span> <span class='ocrx_word' id='word_1_787' title='bbox 3428 4163 3481 4210; x_wconf 93' lang='lat' dir='ltr'><strong>et</strong></span> <span class='ocrx_word' id='word_1_788' title='bbox 3509 4153 3580 4208; x_wconf 88' lang='lat' dir='ltr'><strong>ad</strong></span> <span class='ocrx_word' id='word_1_789' title='bbox 3609 4151 3730 4208; x_wconf 76' lang='lat' dir='ltr'><strong>fun-</strong></span> 
     </span>
    </p>
   </div>
   <div class='ocr_carea' id='block_1_101' title="bbox 2140 4242 3726 4320">
    <p class='ocr_par' dir='ltr' id='par_1_101' title="bbox 2140 4242 3726 4320">
     <span class='ocr_line' id='line_1_101' title="bbox 2140 4242 3726 4320; baseline -0.004 -17"><span class='ocrx_word' id='word_1_790' title='bbox 2140 4247 2270 4303; x_wconf 91' lang='lat' dir='ltr'><strong>dum</strong></span> <span class='ocrx_word' id='word_1_791' title='bbox 2299 4248 2470 4304; x_wconf 88' lang='lat' dir='ltr'><strong>venit.</strong></span> <span class='ocrx_word' id='word_1_792' title='bbox 2509 4249 2691 4320; x_wconf 88' lang='lat' dir='ltr'><strong>Lupus</strong></span> <span class='ocrx_word' id='word_1_793' title='bbox 2719 4256 2902 4303; x_wconf 91' lang='lat' dir='ltr'><strong>autem</strong></span> <span class='ocrx_word' id='word_1_794' title='bbox 2922 4247 3051 4303; x_wconf 88' lang='lat' dir='ltr'><strong>inde</strong></span> <span class='ocrx_word' id='word_1_795' title='bbox 3070 4246 3321 4320; x_wconf 88' lang='lat' dir='ltr'><strong>gravisus</strong></span> <span class='ocrx_word' id='word_1_796' title='bbox 3347 4244 3450 4299; x_wconf 90' lang='lat' dir='ltr'><strong>ait:</strong></span> <span class='ocrx_word' id='word_1_797' title='bbox 3485 4242 3593 4298; x_wconf 89' lang='lat' dir='ltr'><strong>Cur</strong></span> <span class='ocrx_word' id='word_1_798' title='bbox 3621 4257 3726 4297; x_wconf 89' lang='lat' dir='ltr'><strong>non</strong></span> 
     </span>
    </p>
   </div>
   <div class='ocr_carea' id='block_1_102' title="bbox 2140 4339 3731 4418">
    <p class='ocr_par' dir='ltr' id='par_1_102' title="bbox 2140 4339 3731 4418">
     <span class='ocr_line' id='line_1_102' title="bbox 2140 4339 3731 4418; baseline -0.005 -16"><span class='ocrx_word' id='word_1_799' title='bbox 2140 4345 2301 4402; x_wconf 74' lang='lat' dir='ltr'><strong>affers</strong></span> <span class='ocrx_word' id='word_1_800' title='bbox 2331 4347 2460 4402; x_wconf 90' lang='lat' dir='ltr'><strong>mihi</strong></span> <span class='ocrx_word' id='word_1_801' title='bbox 2489 4346 2752 4403; x_wconf 81' lang='lat' dir='ltr'><strong>caseum?</strong></span> <span class='ocrx_word' id='word_1_802' title='bbox 2780 4346 2985 4418; x_wconf 87' lang='lat' dir='ltr'><strong>Vulpes</strong></span> <span class='ocrx_word' id='word_1_803' title='bbox 3005 4344 3106 4402; x_wconf 87' lang='lat' dir='ltr'><strong>ait:</strong></span> <span class='ocrx_word' id='word_1_804' title='bbox 3130 4345 3356 4416; x_wconf 85' lang='lat' dir='ltr'><strong>Nequeo</strong></span> <span class='ocrx_word' id='word_1_805' title='bbox 3384 4357 3495 4413; x_wconf 74' lang='lat' dir='ltr'><strong>prae</strong></span> <span class='ocrx_word' id='word_1_806' title='bbox 3523 4339 3731 4412; x_wconf 84' lang='lat' dir='ltr'><strong>magni-</strong></span> 
     </span>
    </p>
   </div>
   <div class='ocr_carea' id='block_1_103' title="bbox 2140 4429 3725 4500">
    <p class='ocr_par' dir='ltr' id='par_1_103' title="bbox 2140 4429 3725 4500">
     <span class='ocr_line' id='line_1_103' title="bbox 2140 4429 3725 4500; baseline -0.005 -8"><span class='ocrx_word' id='word_1_807' title='bbox 2140 4437 2325 4492; x_wconf 90' lang='lat' dir='ltr'><strong>tudine</strong></span> <span class='ocrx_word' id='word_1_808' title='bbox 2349 4454 2363 4500; x_wconf 91' lang='lat'><strong>;</strong></span> <span class='ocrx_word' id='word_1_809' title='bbox 2397 4436 2495 4492; x_wconf 88' lang='lat' dir='ltr'><strong>sed</strong></span> <span class='ocrx_word' id='word_1_810' title='bbox 2526 4437 2669 4492; x_wconf 86' lang='lat' dir='ltr'><strong>intra</strong></span> <span class='ocrx_word' id='word_1_811' title='bbox 2689 4436 2852 4491; x_wconf 89' lang='lat' dir='ltr'><strong>aliam</strong></span> <span class='ocrx_word' id='word_1_812' title='bbox 2881 4434 3164 4492; x_wconf 88' lang='lat' dir='ltr'><strong>urceolam</strong></span> <span class='ocrx_word' id='word_1_813' title='bbox 3193 4442 3248 4489; x_wconf 92' lang='lat' dir='ltr'><strong>et</strong></span> <span class='ocrx_word' id='word_1_814' title='bbox 3277 4431 3397 4490; x_wconf 89' lang='lat' dir='ltr'><strong>veni</strong></span> <span class='ocrx_word' id='word_1_815' title='bbox 3426 4431 3565 4487; x_wconf 89' lang='lat' dir='ltr'><strong>sicut</strong></span> <span class='ocrx_word' id='word_1_816' title='bbox 3599 4429 3725 4484; x_wconf 89' lang='lat' dir='ltr'><strong>mihi</strong></span> 
     </span>
    </p>
   </div>
   <div class='ocr_carea' id='block_1_104' title="bbox 2139 4518 3724 4598">
    <p class='ocr_par' dir='ltr' id='par_1_104' title="bbox 2139 4518 3724 4598">
     <span class='ocr_line' id='line_1_104' title="bbox 2139 4518 3724 4598; baseline -0.005 -17"><span class='ocrx_word' id='word_1_817' title='bbox 2139 4527 2505 4597; x_wconf 90' lang='lat' dir='ltr'><strong>spopondisti.</strong></span> <span class='ocrx_word' id='word_1_818' title='bbox 2548 4527 2696 4598; x_wconf 90' lang='lat' dir='ltr'><strong>Lupo</strong></span> <span class='ocrx_word' id='word_1_819' title='bbox 2719 4526 2951 4581; x_wconf 89' lang='lat' dir='ltr'><strong>intrante</strong></span> <span class='ocrx_word' id='word_1_820' title='bbox 2968 4524 3129 4580; x_wconf 89' lang='lat' dir='ltr'><strong>aliam</strong></span> <span class='ocrx_word' id='word_1_821' title='bbox 3149 4522 3446 4586; x_wconf 86' lang='lat' dir='ltr'><strong>urceolam,</strong></span> <span class='ocrx_word' id='word_1_822' title='bbox 3471 4518 3724 4591; x_wconf 85' lang='lat' dir='ltr'><strong>ponderis</strong></span> 
     </span>
    </p>
   </div>
   <div class='ocr_carea' id='block_1_105' title="bbox 2138 4619 3726 4697">
    <p class='ocr_par' dir='ltr' id='par_1_105' title="bbox 2138 4619 3726 4697">
     <span class='ocr_line' id='line_1_105' title="bbox 2138 4619 3726 4697; baseline -0.006 -18"><span class='ocrx_word' id='word_1_823' title='bbox 2138 4625 2510 4697; x_wconf 83' lang='lat' dir='ltr'><strong>magnitudine</strong></span> <span class='ocrx_word' id='word_1_824' title='bbox 2540 4625 2703 4681; x_wconf 90' lang='lat' dir='ltr'><strong>ducta</strong></span> <span class='ocrx_word' id='word_1_825' title='bbox 2758 4623 2866 4680; x_wconf 90' lang='lat' dir='ltr'><strong>cito</strong></span> <span class='ocrx_word' id='word_1_826' title='bbox 2923 4622 3149 4679; x_wconf 81' lang='lat' dir='ltr'><strong>fundum</strong></span> <span class='ocrx_word' id='word_1_827' title='bbox 3194 4620 3364 4693; x_wconf 88' lang='lat' dir='ltr'><strong>petiit,</strong></span> <span class='ocrx_word' id='word_1_828' title='bbox 3405 4619 3575 4673; x_wconf 86' lang='lat' dir='ltr'><strong>altera</strong></span> <span class='ocrx_word' id='word_1_829' title='bbox 3605 4633 3726 4671; x_wconf 88' lang='lat' dir='ltr'><strong>sur-</strong></span> 
     </span>
    </p>
   </div>
   <div class='ocr_carea' id='block_1_106' title="bbox 2139 4707 3725 4787">
    <p class='ocr_par' dir='ltr' id='par_1_106' title="bbox 2139 4707 3725 4787">
     <span class='ocr_line' id='line_1_106' title="bbox 2139 4707 3725 4787; baseline -0.005 -18"><span class='ocrx_word' id='word_1_830' title='bbox 2139 4722 2305 4787; x_wconf 85' lang='lat' dir='ltr'><strong>gente</strong></span> <span class='ocrx_word' id='word_1_831' title='bbox 2335 4729 2459 4770; x_wconf 90' lang='lat' dir='ltr'><strong>cum</strong></span> <span class='ocrx_word' id='word_1_832' title='bbox 2491 4713 2651 4785; x_wconf 84' lang='lat' dir='ltr'><strong>vulpe</strong></span> <span class='ocrx_word' id='word_1_833' title='bbox 2681 4728 2803 4786; x_wconf 82' lang='lat' dir='ltr'><strong>quae</strong></span> <span class='ocrx_word' id='word_1_834' title='bbox 2840 4720 2961 4768; x_wconf 90' lang='lat' dir='ltr'><strong>erat</strong></span> <span class='ocrx_word' id='word_1_835' title='bbox 3008 4711 3201 4765; x_wconf 90' lang='lat' dir='ltr'><strong>levior.</strong></span> <span class='ocrx_word' id='word_1_836' title='bbox 3252 4707 3547 4780; x_wconf 88' lang='lat' dir='ltr'><strong>Vulpecula</strong></span> <span class='ocrx_word' id='word_1_837' title='bbox 3590 4714 3725 4762; x_wconf 85' lang='lat' dir='ltr'><strong>tacto</strong></span> 
     </span>
    </p>
   </div>
   <div class='ocr_carea' id='block_1_107' title="bbox 2139 4796 3726 4875">
    <p class='ocr_par' dir='ltr' id='par_1_107' title="bbox 2139 4796 3726 4875">
     <span class='ocr_line' id='line_1_107' title="bbox 2139 4796 3726 4875; baseline -0.008 -15"><span class='ocrx_word' id='word_1_838' title='bbox 2139 4819 2233 4859; x_wconf 84' lang='lat' dir='ltr'><strong>ore</strong></span> <span class='ocrx_word' id='word_1_839' title='bbox 2264 4803 2408 4875; x_wconf 85' lang='lat' dir='ltr'><strong>putei</strong></span> <span class='ocrx_word' id='word_1_840' title='bbox 2439 4802 2584 4859; x_wconf 78' lang='lat' dir='ltr'><strong>foras</strong></span> <span class='ocrx_word' id='word_1_841' title='bbox 2618 4802 2786 4859; x_wconf 85' lang='lat' dir='ltr'><strong>exiliit</strong></span> <span class='ocrx_word' id='word_1_842' title='bbox 2813 4808 2866 4857; x_wconf 92' lang='lat' dir='ltr'><strong>et</strong></span> <span class='ocrx_word' id='word_1_843' title='bbox 2894 4801 2950 4856; x_wconf 88' lang='lat' dir='ltr'><strong>in</strong></span> <span class='ocrx_word' id='word_1_844' title='bbox 2978 4809 3149 4872; x_wconf 90' lang='lat' dir='ltr'><strong>puteo</strong></span> <span class='ocrx_word' id='word_1_845' title='bbox 3193 4798 3381 4870; x_wconf 90' lang='lat' dir='ltr'><strong>lupum</strong></span> <span class='ocrx_word' id='word_1_846' title='bbox 3425 4796 3646 4861; x_wconf 87' lang='lat' dir='ltr'><strong>dimisit,</strong></span> <span class='ocrx_word' id='word_1_847' title='bbox 3675 4803 3726 4850; x_wconf 91' lang='lat' dir='ltr'><strong>et</strong></span> 
     </span>
    </p>
   </div>
   <div class='ocr_carea' id='block_1_108' title="bbox 2138 4884 3723 4966">
    <p class='ocr_par' dir='ltr' id='par_1_108' title="bbox 2138 4884 3723 4966">
     <span class='ocr_line' id='line_1_108' title="bbox 2138 4884 3723 4966; baseline -0.006 -19"><span class='ocrx_word' id='word_1_848' title='bbox 2138 4894 2211 4948; x_wconf 91' lang='lat' dir='ltr'><strong>ita</strong></span> <span class='ocrx_word' id='word_1_849' title='bbox 2239 4894 2368 4966; x_wconf 87' lang='lat' dir='ltr'><strong>quia</strong></span> <span class='ocrx_word' id='word_1_850' title='bbox 2400 4908 2500 4965; x_wconf 92' lang='lat' dir='ltr'><strong>pro</strong></span> <span class='ocrx_word' id='word_1_851' title='bbox 2530 4891 2711 4948; x_wconf 79' lang='lat' dir='ltr'><strong>futuro</strong></span> <span class='ocrx_word' id='word_1_852' title='bbox 2766 4906 3013 4963; x_wconf 79' lang='lat' dir='ltr'><strong>prtesens</strong></span> <span class='ocrx_word' id='word_1_853' title='bbox 3066 4888 3290 4954; x_wconf 87' lang='lat' dir='ltr'><strong>dimisit,</strong></span> <span class='ocrx_word' id='word_1_854' title='bbox 3346 4886 3507 4957; x_wconf 91' lang='lat' dir='ltr'><strong>lupus</strong></span> <span class='ocrx_word' id='word_1_855' title='bbox 3538 4884 3723 4939; x_wconf 90' lang='lat' dir='ltr'><strong>merito</strong></span> 
     </span>
    </p>
   </div>
   <div class='ocr_carea' id='block_1_109' title="bbox 2138 4980 2934 5053">
    <p class='ocr_par' dir='ltr' id='par_1_109' title="bbox 2138 4980 2934 5053">
     <span class='ocr_line' id='line_1_109' title="bbox 2138 4980 2934 5053; baseline -0.005 -16"><span class='ocrx_word' id='word_1_856' title='bbox 2138 4981 2309 5039; x_wconf 88' lang='lat' dir='ltr'><strong>boves</strong></span> <span class='ocrx_word' id='word_1_857' title='bbox 2336 4990 2391 5039; x_wconf 87' lang='lat' dir='ltr'><strong>et</strong></span> <span class='ocrx_word' id='word_1_858' title='bbox 2419 4996 2641 5038; x_wconf 86' lang='lat' dir='ltr'><strong>caseum</strong></span> <span class='ocrx_word' id='word_1_859' title='bbox 2670 4980 2934 5053; x_wconf 90' lang='lat' dir='ltr'><strong>perdidit.</strong></span> 
     </span>
    </p>
   </div>
   <div class='ocr_carea' id='block_1_110' title="bbox 2209 5062 3721 5143">
    <p class='ocr_par' dir='ltr' id='par_1_110' title="bbox 2209 5062 3721 5143">
     <span class='ocr_line' id='line_1_110' title="bbox 2209 5062 3721 5143; baseline -0.006 -18"><span class='ocrx_word' id='word_1_860' title='bbox 2209 5071 2395 5127; x_wconf 82' lang='lat' dir='ltr'><strong>Arabs</strong></span> <span class='ocrx_word' id='word_1_861' title='bbox 2434 5071 2726 5143; x_wconf 84' lang='lat' dir='ltr'><strong>castigavit</strong></span> <span class='ocrx_word' id='word_1_862' title='bbox 2755 5069 2926 5124; x_wconf 86' lang='lat' dir='ltr'><strong>tilium</strong></span> <span class='ocrx_word' id='word_1_863' title='bbox 2967 5083 3156 5123; x_wconf 87' lang='lat' dir='ltr'><strong>suum:</strong></span> <span class='ocrx_word' id='word_1_864' title='bbox 3206 5066 3290 5121; x_wconf 91' lang='lat' dir='ltr'><strong>Ne</strong></span> <span class='ocrx_word' id='word_1_865' title='bbox 3319 5063 3511 5121; x_wconf 85' lang='lat' dir='ltr'><strong>credas</strong></span> <span class='ocrx_word' id='word_1_866' title='bbox 3548 5062 3721 5119; x_wconf 84' lang='lat' dir='ltr'><strong>omni-</strong></span> 
     </span>
    </p>
   </div>
   <div class='ocr_carea' id='block_1_111' title="bbox 2136 5150 3718 5233">
    <p class='ocr_par' dir='ltr' id='par_1_111' title="bbox 2136 5150 3718 5233">
     <span class='ocr_line' id='line_1_111' title="bbox 2136 5150 3718 5233; baseline -0.007 -16"><span class='ocrx_word' id='word_1_867' title='bbox 2136 5161 2365 5217; x_wconf 85' lang='lat' dir='ltr'><strong>consilio</strong></span> <span class='ocrx_word' id='word_1_868' title='bbox 2392 5162 2538 5233; x_wconf 85' lang='lat' dir='ltr'><strong>quod</strong></span> <span class='ocrx_word' id='word_1_869' title='bbox 2568 5160 2760 5215; x_wconf 89' lang='lat' dir='ltr'><strong>audies</strong></span> <span class='ocrx_word' id='word_1_870' title='bbox 2788 5158 2966 5215; x_wconf 90' lang='lat' dir='ltr'><strong>donec</strong></span> <span class='ocrx_word' id='word_1_871' title='bbox 3012 5156 3174 5211; x_wconf 82' lang='lat' dir='ltr'><strong>fuerit</strong></span> <span class='ocrx_word' id='word_1_872' title='bbox 3215 5154 3505 5225; x_wconf 78' lang='lat' dir='ltr'><strong>probatum</strong></span> <span class='ocrx_word' id='word_1_873' title='bbox 3540 5152 3596 5206; x_wconf 91' lang='lat' dir='ltr'><strong>in</strong></span> <span class='ocrx_word' id='word_1_874' title='bbox 3625 5150 3718 5206; x_wconf 80' lang='lat' dir='ltr'><strong>ali-</strong></span> 
     </span>
    </p>
   </div>
   <div class='ocr_carea' id='block_1_112' title="bbox 2135 5241 3749 5323">
    <p class='ocr_par' dir='ltr' id='par_1_112' title="bbox 2135 5241 3749 5323">
     <span class='ocr_line' id='line_1_112' title="bbox 2135 5241 3749 5323; baseline -0.008 -17"><span class='ocrx_word' id='word_1_875' title='bbox 2135 5266 2245 5323; x_wconf 90' lang='lat' dir='ltr'><strong>quo</strong></span> <span class='ocrx_word' id='word_1_876' title='bbox 2270 5267 2340 5305; x_wconf 87' lang='lat' dir='ltr'><strong>an</strong></span> <span class='ocrx_word' id='word_1_877' title='bbox 2370 5251 2439 5305; x_wconf 91' lang='lat' dir='ltr'><strong>sit</strong></span> <span class='ocrx_word' id='word_1_878' title='bbox 2464 5251 2613 5316; x_wconf 86' lang='lat' dir='ltr'><strong>utile,</strong></span> <span class='ocrx_word' id='word_1_879' title='bbox 2645 5265 2716 5304; x_wconf 88' lang='lat' dir='ltr'><strong>ne</strong></span> <span class='ocrx_word' id='word_1_880' title='bbox 2742 5248 3028 5319; x_wconf 84' lang='lat' dir='ltr'><strong>contingat</strong></span> <span class='ocrx_word' id='word_1_881' title='bbox 3060 5246 3155 5300; x_wconf 91' lang='lat' dir='ltr'><strong>tibi</strong></span> <span class='ocrx_word' id='word_1_882' title='bbox 3182 5246 3322 5301; x_wconf 85' lang='lat' dir='ltr'><strong>sicut</strong></span> <span class='ocrx_word' id='word_1_883' title='bbox 3367 5241 3561 5297; x_wconf 88' lang='lat' dir='ltr'><strong>latroni</strong></span> <span class='ocrx_word' id='word_1_884' title='bbox 3590 5256 3718 5296; x_wconf 89' lang='lat' dir='ltr'><strong>con-</strong></span> <span class='ocrx_word' id='word_1_885' title='bbox 3746 5284 3749 5293; x_wconf 95' lang='lat'><strong>.</strong></span> 
     </span>
    </p>
   </div>
   <div class='ocr_carea' id='block_1_113' title="bbox 2134 5329 3714 5414">
    <p class='ocr_par' dir='ltr' id='par_1_113' title="bbox 2134 5329 3714 5414">
     <span class='ocr_line' id='line_1_113' title="bbox 2134 5329 3714 5414; baseline -0.008 -19"><span class='ocrx_word' id='word_1_886' title='bbox 2134 5341 2255 5414; x_wconf 83' lang='lat' dir='ltr'><strong>tigit</strong></span> <span class='ocrx_word' id='word_1_887' title='bbox 2281 5340 2374 5412; x_wconf 88' lang='lat' dir='ltr'><strong>qui</strong></span> <span class='ocrx_word' id='word_1_888' title='bbox 2405 5340 2639 5397; x_wconf 89' lang='lat' dir='ltr'><strong>consilio</strong></span> <span class='ocrx_word' id='word_1_889' title='bbox 2682 5337 2890 5394; x_wconf 88' lang='lat' dir='ltr'><strong>domini</strong></span> <span class='ocrx_word' id='word_1_890' title='bbox 2919 5335 3205 5405; x_wconf 87' lang='lat' dir='ltr'><strong>cujusdam</strong></span> <span class='ocrx_word' id='word_1_891' title='bbox 3234 5333 3431 5389; x_wconf 89' lang='lat' dir='ltr'><strong>domus</strong></span> <span class='ocrx_word' id='word_1_892' title='bbox 3475 5329 3714 5386; x_wconf 88' lang='lat' dir='ltr'><strong>credidit.</strong></span> 
     </span>
    </p>
   </div>
   <div class='ocr_carea' id='block_1_114' title="bbox 2133 5419 3711 5498">
    <p class='ocr_par' dir='ltr' id='par_1_114' title="bbox 2133 5419 3711 5498">
     <span class='ocr_line' id='line_1_114' title="bbox 2133 5419 3711 5498; baseline -0.009 -11"><span class='ocrx_word' id='word_1_893' title='bbox 2133 5431 2212 5487; x_wconf 79' lang='lat' dir='ltr'><strong>Ad</strong></span> <span class='ocrx_word' id='word_1_894' title='bbox 2246 5432 2361 5489; x_wconf 66' lang='lat' dir='ltr'><strong>haec</strong></span> <span class='ocrx_word' id='word_1_895' title='bbox 2390 5428 2530 5485; x_wconf 84' lang='lat' dir='ltr'><strong>tilias</strong></span> <span class='ocrx_word' id='word_1_896' title='bbox 2565 5448 2576 5485; x_wconf 90' lang='lat'><strong>:</strong></span> <span class='ocrx_word' id='word_1_897' title='bbox 2613 5427 2921 5498; x_wconf 89' lang='lat' dir='ltr'><strong>Quomodo,</strong></span> <span class='ocrx_word' id='word_1_898' title='bbox 2961 5433 3140 5497; x_wconf 89' lang='lat' dir='ltr'><strong>pater,</strong></span> <span class='ocrx_word' id='word_1_899' title='bbox 3183 5422 3364 5479; x_wconf 86' lang='lat' dir='ltr'><strong>evenit</strong></span> <span class='ocrx_word' id='word_1_900' title='bbox 3392 5420 3440 5476; x_wconf 90' lang='lat' dir='ltr'><strong>ei</strong></span> <span class='ocrx_word' id='word_1_901' title='bbox 3470 5419 3498 5474; x_wconf 83' lang='lat'><strong>?</strong></span> <span class='ocrx_word' id='word_1_902' title='bbox 3531 5420 3711 5474; x_wconf 87' lang='lat' dir='ltr'><strong>Pater:</strong></span> 
     </span>
    </p>
   </div>
   <div class='ocr_carea' id='block_1_115' title="bbox 2693 5549 3183 5610">
    <p class='ocr_par' dir='ltr' id='par_1_115' title="bbox 2693 5549 3183 5610">
     <span class='ocr_line' id='line_1_115' title="bbox 2693 5549 3183 5610; baseline -0.014 0"><span class='ocrx_word' id='word_1_903' title='bbox 2693 5549 2968 5610; x_wconf 75' lang='lat' dir='ltr'><strong>FABULA</strong></span> <span class='ocrx_word' id='word_1_904' title='bbox 3004 5550 3183 5606; x_wconf 77' lang='lat' dir='ltr'><strong>XXII.</strong></span> 
     </span>
    </p>
   </div>
   <div class='ocr_carea' id='block_1_116' title="bbox 2200 5670 3712 5750">
    <p class='ocr_par' dir='ltr' id='par_1_116' title="bbox 2200 5670 3712 5750">
     <span class='ocr_line' id='line_1_116' title="bbox 2200 5670 3712 5750; baseline -0.013 -8"><span class='ocrx_word' id='word_1_905' title='bbox 2200 5685 2416 5742; x_wconf 90' lang='lat' dir='ltr'><strong>Dictum</strong></span> <span class='ocrx_word' id='word_1_906' title='bbox 2463 5690 2546 5738; x_wconf 90' lang='lat' dir='ltr'><strong>est</strong></span> <span class='ocrx_word' id='word_1_907' title='bbox 2593 5680 2727 5735; x_wconf 89' lang='lat' dir='ltr'><strong>mihi</strong></span> <span class='ocrx_word' id='word_1_908' title='bbox 2781 5676 2928 5750; x_wconf 86' lang='lat' dir='ltr'><strong>quod</strong></span> <span class='ocrx_word' id='word_1_909' title='bbox 2982 5675 3205 5748; x_wconf 85' lang='lat' dir='ltr'><strong>quidam</strong></span> <span class='ocrx_word' id='word_1_910' title='bbox 3233 5674 3371 5729; x_wconf 83' lang='lat' dir='ltr'><strong>latro</strong></span> <span class='ocrx_word' id='word_1_911' title='bbox 3401 5672 3471 5726; x_wconf 87' lang='lat' dir='ltr'><strong>ad</strong></span> <span class='ocrx_word' id='word_1_912' title='bbox 3502 5670 3712 5727; x_wconf 88' lang='lat' dir='ltr'><strong>domum</strong></span> 
     </span>
    </p>
   </div>
   <div class='ocr_carea' id='block_1_117' title="bbox 2124 5761 3714 5845">
    <p class='ocr_par' dir='ltr' id='par_1_117' title="bbox 2124 5761 3714 5845">
     <span class='ocr_line' id='line_1_117' title="bbox 2124 5761 3714 5845; baseline -0.013 -13"><span class='ocrx_word' id='word_1_913' title='bbox 2124 5775 2411 5845; x_wconf 86' lang='lat' dir='ltr'><strong>cujusdam</strong></span> <span class='ocrx_word' id='word_1_914' title='bbox 2442 5769 2624 5827; x_wconf 84' lang='lat' dir='ltr'><strong>divitis</strong></span> <span class='ocrx_word' id='word_1_915' title='bbox 2654 5768 2889 5839; x_wconf 86' lang='lat' dir='ltr'><strong>perrexit</strong></span> <span class='ocrx_word' id='word_1_916' title='bbox 2924 5764 3222 5822; x_wconf 87' lang='lat' dir='ltr'><strong>intentione</strong></span> <span class='ocrx_word' id='word_1_917' title='bbox 3254 5762 3489 5819; x_wconf 81' lang='lat' dir='ltr'><strong>furandi.</strong></span> <span class='ocrx_word' id='word_1_918' title='bbox 3509 5761 3714 5816; x_wconf 38' lang='lat' dir='ltr'><strong>Ascens</strong></span> 
     </span>
    </p>
   </div>
   <div class='ocr_carea' id='block_1_118' title="bbox 2124 5846 3714 5926">
    <p class='ocr_par' dir='ltr' id='par_1_118' title="bbox 2124 5846 3714 5926">
     <span class='ocr_line' id='line_1_118' title="bbox 2124 5846 3714 5926; baseline -0.013 -5"><span class='ocrx_word' id='word_1_919' title='bbox 2124 5866 2265 5921; x_wconf 85' lang='lat' dir='ltr'><strong>dens</strong></span> <span class='ocrx_word' id='word_1_920' title='bbox 2294 5870 2497 5919; x_wconf 87' lang='lat' dir='ltr'><strong>tectum</strong></span> <span class='ocrx_word' id='word_1_921' title='bbox 2537 5859 2603 5913; x_wconf 88' lang='lat' dir='ltr'><strong>ad</strong></span> <span class='ocrx_word' id='word_1_922' title='bbox 2654 5854 2947 5913; x_wconf 79' lang='lat' dir='ltr'><strong>fenestram</strong></span> <span class='ocrx_word' id='word_1_923' title='bbox 2990 5870 3090 5926; x_wconf 89' lang='lat' dir='ltr'><strong>per</strong></span> <span class='ocrx_word' id='word_1_924' title='bbox 3122 5869 3285 5924; x_wconf 87' lang='lat' dir='ltr'><strong>quam</strong></span> <span class='ocrx_word' id='word_1_925' title='bbox 3328 5853 3506 5906; x_wconf 74' lang='lat' dir='ltr'><strong>fumus</strong></span> <span class='ocrx_word' id='word_1_926' title='bbox 3544 5846 3714 5903; x_wconf 87' lang='lat' dir='ltr'><strong>exibat</strong></span> 
     </span>
    </p>
   </div>
   <div class='ocr_carea' id='block_1_119' title="bbox 2121 5937 3707 6023">
    <p class='ocr_par' dir='ltr' id='par_1_119' title="bbox 2121 5937 3707 6023">
     <span class='ocr_line' id='line_1_119' title="bbox 2121 5937 3707 6023; baseline -0.011 -13"><span class='ocrx_word' id='word_1_927' title='bbox 2121 5963 2181 6009; x_wconf 85' lang='lat' dir='ltr'><strong>et</strong></span> <span class='ocrx_word' id='word_1_928' title='bbox 2210 5953 2253 6009; x_wconf 90' lang='lat' dir='ltr'><strong>si</strong></span> <span class='ocrx_word' id='word_1_929' title='bbox 2281 5951 2482 6023; x_wconf 85' lang='lat' dir='ltr'><strong>aliquis</strong></span> <span class='ocrx_word' id='word_1_930' title='bbox 2514 5950 2655 6003; x_wconf 84' lang='lat' dir='ltr'><strong>intus</strong></span> <span class='ocrx_word' id='word_1_931' title='bbox 2684 5943 2935 6019; x_wconf 75' lang='lat' dir='ltr'><strong>vigilaret</strong></span> <span class='ocrx_word' id='word_1_932' title='bbox 2965 5941 3306 6000; x_wconf 82' lang='lat' dir='ltr'><strong>ausc&#39;ultuvit.</strong></span> <span class='ocrx_word' id='word_1_933' title='bbox 3339 5937 3496 6009; x_wconf 86' lang='lat' dir='ltr'><strong>Quod</strong></span> <span class='ocrx_word' id='word_1_934' title='bbox 3528 5946 3585 5992; x_wconf 90' lang='lat' dir='ltr'><strong>ut</strong></span> <span class='ocrx_word' id='word_1_935' title='bbox 3610 5938 3707 5992; x_wconf 59' lang='lat' dir='ltr'><strong>dos</strong></span> 
     </span>
    </p>
   </div>
  </div>
