3966 6398
229 475 328 535 69³7

220 608 398 662 minus
447 607 660 665 domus
709 607 1007 684 comperit,
1056 602 1296 664 suaviter
1336 619 1450 661 suae
1494 601 1654 658 uxori
1692 600 1765 656 ait
1814 612 1826 652 :

222 697 508 768 interroga
535 699 650 754 alta
686 715 833 757 voce
867 699 1012 754 unde
1031 699 1180 754 venit
1201 695 1330 751 mihi
1348 695 1449 750 iste
1469 700 1574 748 tam
1605 704 1838 761 magnus

219 799 418 840 census
451 803 628 858 quem
661 789 852 845 habeo
879 807 894 853 ς
925 787 1068 860 quod
1091 794 1147 842 ut
1179 801 1294 842 rem
1317 783 1457 840 scias
1474 780 1702 837 multum
1732 777 1838 834 ela-

217 872 367 928 bora.
403 875 566 931 Tunc
596 875 733 947 ipsa
780 877 891 932 alta
935 891 1068 932 voce
1096 874 1170 930 ait
1199 891 1212 928 :
1249 871 1499 936 Domine,
1532 869 1677 924 unde
1724 873 1835 920 tam

214 975 476 1034 magnum
510 979 761 1020 censum
791 961 1026 1020 habuisti
1069 978 1192 1020 cum
1221 973 1517 1032 numquam
1567 963 1836 1012 mercator

211 1041 383 1101 fueris
414 1046 444 1099 ἢ
477 1044 683 1104 Atille
721 1064 736 1102 :
773 1047 928 1116 Quod
953 1044 1098 1102 Deus
1113 1044 1331 1102 donavit
1350 1058 1504 1098 serva
1527 1048 1580 1098 et
1602 1037 1834 1096 facinde

217 1133 558 1190 voluntatem
591 1141 758 1191 tuam
807 1140 861 1192 et
899 1152 1008 1192 non
1054 1134 1304 1207 inquiras
1334 1131 1478 1188 unde
1507 1129 1639 1186 mihi
1685 1135 1835 1184 tanta

211 1224 445 1291 pecunia
489 1225 747 1281 venerit.
798 1226 864 1280 At
925 1225 1045 1297 ipsa
1081 1224 1221 1280 sicut
1275 1223 1570 1291 iniunctum
1633 1217 1830 1284 fuerat,

209 1311 390 1382 magis
429 1320 483 1368 et
533 1313 736 1387 magis
782 1322 838 1368 ut
885 1329 998 1369 rem
1043 1313 1208 1368 sciret
1249 1309 1563 1383 instigabat.
1597 1309 1827 1363 Demum

207 1396 361 1471 quasi
392 1409 636 1458 coactus
670 1401 934 1475 precibus
963 1399 1148 1458 uxoris
1177 1416 1291 1457 sua:
1321 1397 1495 1472 inquit
1523 1397 1776 1454 dominus
1810 1410 1824 1448 :

206 1500 342 1555 Vide
371 1517 445 1556 ne
492 1502 769 1574 cuiquam
801 1511 1010 1560 secreta
1039 1509 1224 1558 nostra
1261 1501 1526 1566 detegas;
1559 1497 1700 1552 latro
1729 1495 1824 1551 fui.

204 1593 270 1644 At
294 1589 420 1660 ipsa
451 1591 532 1645 ait
567 1609 581 1644 :
622 1593 824 1647 Mirum
855 1591 983 1646 mihi
1013 1591 1226 1647 videtur
1253 1588 1527 1663 quomodo
1559 1595 1663 1642 tam
1702 1600 1826 1640 ma-

198 1693 370 1749 gnum
419 1693 672 1735 censum
722 1679 1006 1737 latrocinio
1041 1679 1329 1752 acquirere
1380 1675 1620 1750 potuisti,
1680 1673 1825 1746 quod

204 1776 511 1839 numquam
547 1764 876 1825 audivimus
904 1768 1199 1825 clamorem
1221 1768 1335 1823 sive
1355 1763 1606 1839 aliquam
1623 1761 1826 1818 calum-

201 1863 350 1919 niam
381 1864 544 1921 indc.
593 1867 683 1921 At
711 1865 834 1938 ipse
862 1865 935 1942 ait
965 1883 978 1922 :
1008 1865 1244 1935 Quidam
1272 1863 1531 1936 magister
1554 1877 1709 1918 meus
1735 1875 1823 1915 me

1474 471 1864 532 DISCIPLINA
1903 466 2310 527 CLERICALIS

3439 471 3544 526 69B

1860 597 1912 656 Α
1943 609 2178 667 persona
2208 594 2255 648 si
2285 593 2472 648 malus
2502 598 2653 648 esset
2695 591 2953 664 gentibus
2991 598 3044 647 et
3082 590 3342 649 crudelis.
3371 593 3543 649 Alius.

1947 688 2095 747 Tene
2127 699 2329 747 rectam
2363 690 2622 761 justitiam
2673 690 2815 744 inter
2853 689 3100 744 homines
3131 699 3184 746 et
3212 689 3438 762 diligent
3466 694 3540 756 te,

1944 796 2045 836 nec
2095 795 2362 852 properes
2412 779 2506 834 ulli
2555 777 2786 834 reddere
2831 785 3077 834 mutuum
3110 779 3235 834 boni
3281 779 3364 834 vel
3393 778 3540 842 mali,

1949 869 2076 940 quia
2097 868 2305 923 diutius
2335 867 2640 940 expectabit
2671 875 2723 921 te
2752 866 2981 932 amicus,
3017 873 3073 922 et
3100 867 3299 923 diutius
3332 867 3543 924 timebit

1943 963 1994 1013 te
2025 956 2294 1013 inimicus.

2487 1099 2755 1156 FABULA
2799 1101 2996 1157 ΧΧΙΙΙ.

2011 1234 2160 1290 Plato
2191 1234 2378 1290 retulit
2410 1234 2465 1290 in
2496 1235 2635 1292 libro
2666 1236 2734 1293 de
2777 1236 3080 1308 Prophetiis
3134 1236 3276 1307 quod
3308 1236 3531 1308 quidam

1940 1339 2034 1378 rex
2085 1331 2200 1378 erat
2241 1323 2296 1378 in
2345 1324 2563 1380 Grzccia
2610 1341 2776 1380 senex
2807 1325 3062 1398 gentibus
3097 1324 3354 1381 crudelis.
3396 1325 3533 1379 Huic

1937 1410 2104 1467 crevit
2133 1412 2430 1467 maximum
2457 1428 2487 1468 e
2515 1413 2698 1467 multis
2739 1413 2980 1486 partibus
3030 1413 3256 1478 bellum,
3287 1413 3447 1484 cujus
3479 1421 3536 1467 ut

1937 1499 2101 1556 sciret
2130 1509 2404 1566 eventum,
2438 1501 2602 1556 totius
2634 1519 2748 1557 sua:
2779 1502 3022 1574 regionis
3052 1509 3108 1558 et
3135 1502 3342 1558 vicinia:
3374 1518 3527 1555 man-

1933 1590 2081 1646 davit
2135 1592 2508 1664 philosOphos,
2544 1595 2743 1666 quibus
2792 1593 3144 1666 congregatis
3189 1594 3302 1648 ait:
3339 1594 3527 1649 Videte

1934 1690 2191 1758 quoniam
2239 1706 2497 1762 magnum
2547 1690 2678 1746 mihi
2725 1698 2779 1747 et
2846 1691 3002 1747 vobis
3049 1691 3263 1762 ingruat
3305 1691 3526 1758 bellum,

1933 1777 2077 1848 quod
2107 1785 2331 1848 prnpter
2359 1795 2546 1834 meum
2575 1779 2744 1836 credo
2778 1779 2931 1836 vobis
2959 1780 3183 1836 evenire
3205 1786 3483 1850 peccatum
3513 1797 3529 1843 ;

1932 1863 2030 1920 sed
2073 1864 2120 1920 si
2149 1865 2354 1938 aliquid
2382 1875 2465 1922 est
2499 1868 2552 1922 in
2584 1885 2670 1923 me
2711 1868 2851 1939 quod
2893 1867 2961 1922 sit
2990 1867 3526 1938 reprehendendum,

202 1975 432 2016 carmen
482 1964 721 2020 edocuit
750 1962 895 2036 quod
924 1962 1173 2019 dicebam
1214 1961 1430 2034 quando
1456 1958 1824 2016 ascendebam
1850 1951 1904 2011 B
1933 1950 2095 2008 dicite
2123 1959 2176 2009 et
2206 1961 2390 2010 vestro
2415 1955 2629 2026 judicio
2657 1956 2940 2028 corrigere
2967 1955 3256 2012 festinabo.
3282 1956 3527 2011 Philoso-

198 2064 368 2120 super
412 2058 636 2108 tectum
672 2060 724 2108 et
772 2052 1000 2108 veniens
1025 2051 1095 2106 ad
1139 2051 1434 2106 fenestram
1483 2048 1821 2120 accipiebam

196 2136 407 2195 radium
428 2139 586 2197 lunae
609 2156 778 2196 manu
806 2147 859 2196 et
874 2155 1092 2196 carmen
1121 2155 1304 2194 meum
1333 2139 1536 2211 septies
1551 2136 1818 2204 dicebam,

196 2226 430 2296 scilicet,
458 2231 718 2296 saniem,
748 2233 804 2284 et
845 2229 919 2284 ita
963 2228 1366 2285 descendebam
1413 2227 1530 2281 sine
1559 2224 1817 2296 periculo.

201 2321 492 2397 Quidquid
524 2327 835 2398 pretiosum
876 2325 1217 2382 inveniebam
1249 2326 1302 2380 in
1330 2325 1496 2381 domo
1523 2322 1820 2380 corrodens

200 2413 524 2469 sumebam.
560 2415 686 2472 Hoc
723 2413 865 2473 facto
890 2415 1082 2471 iterum
1113 2415 1183 2469 ad
1223 2414 1435 2469 radium
1462 2413 1606 2468 lunai
1626 2411 1818 2467 venie-

198 2499 343 2566 bam,
367 2510 424 2558 et
453 2504 666 2559 eodem
693 2503 935 2561 carmine
967 2503 1170 2575 septies
1215 2503 1380 2569 dicto,
1412 2517 1536 2558 cum
1565 2501 1819 2557 omnibus

200 2587 255 2643 in
293 2591 468 2648 domo
515 2592 759 2664 sumptis
797 2592 1179 2659 ascendebam,
1220 2599 1274 2647 et
1302 2591 1448 2664 quod
1497 2590 1819 2646 sustuleram

207 2686 275 2740 ad
320 2688 636 2760 hospitium
685 2688 1024 2746 deferet-am.
1055 2689 1173 2744 Tali
1206 2688 1430 2762 ingenio
1460 2688 1602 2743 hunc
1655 2703 1818 2758 quem

199 2776 465 2844 possideo
497 2793 735 2832 censum
769 2777 967 2833 habeo.
998 2780 1066 2833 At
1095 2777 1289 2832 mulier
1316 2777 1390 2832 ait
1421 2794 1433 2830 :
1469 2778 1611 2832 Bene
1641 2775 1818 2832 fecisti

204 2873 350 2942 quod
399 2875 543 2930 mihi
593 2875 724 2930 talia
770 2874 978 2941 dixisti,
1011 2891 1133 2930 nam
1177 2875 1222 2929 si
1278 2874 1608 2946 quandoque
1646 2873 1817 2928 filium

201 2961 471 3031 habuero,
509 2980 586 3020 ne
634 2980 846 3035 pauper
871 2965 1054 3037 degat,
1087 2965 1190 3020 hoc
1229 2979 1456 3020 carmen
1486 2962 1718 3018 docebo.
1751 2964 1821 3016 At

204 3045 472 3106 dominus
527 3053 708 3124 inquit
757 3068 771 3107 :
816 3053 1069 3108 Permitte
1124 3069 1214 3108 me
1267 3052 1515 3108 dormire
1566 3050 1818 3123 quoniam

207 3152 402 3196 somno
433 3149 778 3214 aggravatus
806 3141 935 3197 volo
963 3142 1267 3214 quiescere,
1287 3145 1342 3196 et
1371 3149 1427 3196 ut
1454 3140 1633 3212 magi
1661 3139 1817 3195 deci-

202 3236 372 3297 peret,
439 3230 608 3302 quasi
663 3229 948 3285 dormiens
1003 3238 1238 3286 stertere
1309 3230 1491 3300 cepit.
1543 3227 1816 3299 Perceptis

205 3325 438 3398 denique
491 3328 701 3384 talibus
746 3328 948 3389 verbis.
999 3327 1088 3384 fur
1129 3327 1254 3383 inde
1299 3327 1529 3400 gavisus
1570 3333 1624 3381 et
1665 3325 1809 3380 dicto

202 3415 406 3484 septies
437 3417 718 3482 carmine,
752 3425 804 3472 et
834 3426 1052 3488 sumpto
1079 3431 1245 3472 manu
1277 3415 1430 3471 radio
1474 3413 1808 3480 lunae,laxa-

199 3504 268 3556 tis
308 3507 577 3561 manibus
607 3514 662 3562 et
710 3506 944 3576 pedibus
976 3522 1077 3577 per
1134 3504 1429 3560 fenestram
1459 3504 1515 3558 in
1562 3504 1806 3567 domum,

203 3614 466 3673 magnum
523 3602 730 3657 faciens
772 3619 987 3667 sonum,
1038 3602 1235 3658 cecidit
1277 3610 1326 3657 et
1355 3601 1523 3657 fracto
1565 3617 1726 3657 crure
1756 3617 1810 3664 et

205 3687 431 3746 brachio
495 3692 832 3762 congemuit.
866 3695 932 3746 At
976 3691 1228 3746 dominus
1264 3691 1460 3746 domus
1502 3689 1660 3762 quasi
1706 3706 1807 3744 ne-

204 3777 384 3832 sciens
415 3780 598 3850 inquit
627 3797 639 3832 :
673 3780 751 3833 'l‘u
783 3780 903 3850 quis
932 3796 992 3834 es
1022 3779 1113 3851 qui
1161 3779 1231 3834 ita
1261 3779 1500 3834 cecidisti
1520 3781 1547 3831 εἰ
1580 3779 1661 3833 Ad
1691 3780 1808 3832 haec

204 3863 343 3920 latro
377 3888 388 3923 :
423 3870 554 3942 Ego
585 3884 705 3924 sum
737 3867 827 3923 ille
859 3868 947 3923 fur
975 3868 1164 3924 infelix
1197 3869 1294 3941 qui
1324 3869 1431 3922 tuis
1469 3867 1673 3922 credidi
1704 3868 1808 3923 fal-

203 3952 414 4012 lacibus
446 3958 630 4014 verbis
644 4000 657 4012 .

273 4045 353 4098 Ad
404 4048 516 4101 hoc
585 4046 778 4102 filius:
821 4047 998 4114 Pater,
1044 4053 1098 4100 tu
1139 4045 1503 4111 benedicaris,
1555 4046 1809 4117 quoniam

203 4130 394 4190 dolosa
443 4135 712 4190 edocuisti
759 4151 848 4191 me
895 4135 1073 4190 vitare
1120 4135 1366 4191 consilia.
1398 4135 1804 4206 PhilosOphus:

204 4228 348 4286 Cave
399 4232 695 4289 consilium
747 4233 977 4288 azimum
1041 4232 1216 4287 donec
1283 4232 1353 4286 sit
1401 4232 1806 4288 fermentatum.

203 4319 362 4376 Alius
400 4340 415 4376 :
450 4322 533 4376 Ne
561 4321 757 4376 credas
789 4321 1072 4377 consilium
1104 4321 1375 4377 monentis
1395 4321 1539 4393 quod
1568 4321 1810 4392 deneges

202 4405 435 4464 alterius
468 4409 811 4465 benefactum
842 4428 857 4474 ;
885 4410 978 4482 qui
1006 4410 1242 4482 denegat
1269 4425 1452 4465 coram
1481 4409 1656 4466 oculis
1685 4425 1810 4465 cer-

204 4508 392 4561 nentis
422 4507 605 4562 omnia
661 4523 725 4563 se
756 4515 994 4564 accusat.
1031 4507 1182 4562 Alius
1209 4522 1222 4561 :
1257 4507 1313 4564 Si
1345 4507 1517 4563 fueris
1545 4507 1599 4561 in
1625 4507 1809 4578 aliquo

204 4590 348 4650 bono
382 4611 452 4650 ne
486 4610 682 4666 pecces
708 4595 854 4663 inde,
887 4599 1150 4668 quoniam
1181 4595 1482 4667 sepissime
1508 4595 1808 4650 maximum

1930 2042 2113 2111 phus:
2147 2041 2226 2096 De
2274 2043 2649 2098 criminalibus
2690 2044 2742 2098 iu
2791 2059 3024 2115 corpore
3076 2052 3260 2098 vestro
3317 2042 3525 2098 nullum

1930 2128 2152 2198 scimus,
2185 2145 2287 2186 nec
2315 2130 2446 2202 quid
2474 2131 2631 2186 nobis
2662 2138 2716 2187 et
2747 2131 2900 2188 vobis
2930 2140 3214 2187 venturum
3234 2132 3526 2203 sitcogno-

1929 2225 2175 2289 scimus;
2208 2227 2304 2281 sed
2354 2226 2446 2283 hic
2484 2243 2650 2299 prope
2682 2227 2766 2282 via
2817 2228 2980 2283 trium
3019 2228 3230 2283 dierum
3274 2237 3527 2284 moratur

1934 2312 2156 2384 quidam
2204 2315 2421 2386 sapiens
2458 2316 2622 2372 homo
2668 2316 2886 2371 nomine
2935 2317 3229 2383 Marianus,
3290 2317 3381 2389 qui
3428 2333 3530 2388 per

1935 2401 2194 2472 Spiritum
2225 2411 2473 2459 sanctum
2503 2403 2757 2474 loquitur.
2791 2405 2877 2458 Ad
2921 2420 3042 2460 eum
3077 2421 3211 2476 ergo
3242 2404 3310 2460 de
3339 2405 3523 2476 philo-

1928 2489 2118 2561 sophis
2145 2491 2344 2546 nostris
2371 2492 2585 2564 aliquos
2619 2492 2817 2564 legate,
2853 2493 2968 2564 ipse
3003 2493 3155 2548 vobis
3184 2494 3239 2548 in
3277 2501 3384 2548 tota
3415 2495 3524 2548 vita

1930 2585 2117 2633 vestra
2145 2579 2282 2652 quid
2311 2587 2594 2635 venturum
2627 2581 2695 2636 sit
2728 2597 2826 2652 per
2853 2597 2949 2637 eos
2992 2579 3310 2638 declarabit.
3333 2581 3428 2636 llis
3449 2581 3526 2636 ita

1927 2675 2169 2746 peractis
2195 2684 2404 2747 septem
2435 2676 2795 2749 philosOphos
2826 2679 2895 2733 ad
2926 2695 3048 2734 eum
3079 2679 3247 2747 misit,
3270 2678 3360 2750 qui
3381 2686 3526 2749 post-

1928 2778 2091 2834 quam
2124 2763 2216 2818 ubi
2247 2765 2590 2820 habitaverat
2638 2766 2996 2831 intraverunt,
3029 2766 3222 2821 urbem
3249 2767 3524 2822 desertam

1928 2850 2075 2906 illius
2105 2853 2396 2908 maximam
2428 2854 2695 2910 invenere
2736 2863 2945 2925 partem
2971 2871 2984 2922 ;
3017 2855 3114 2910 sed
3144 2855 3252 2910 illis
3278 2871 3526 2927 quaeren-

1931 2948 2072 3002 tibus
2116 2949 2406 3020 hospitium
2457 2950 2706 3016 hlariani,
2738 2951 2940 3006 dictum
2986 2952 3084 3006 fuit
3133 2952 3278 3024 quod
3326 2953 3443 3024 ipse
3473 2960 3526 3007 et

1931 3036 2081 3091 multi
2111 3037 2180 3091 de
2209 3038 2524 3093 concivibus
2555 3039 2817 3108 petissent
2848 3043 3145 3094 heremum.
3174 3040 3297 3094 Istis
3326 3041 3527 3095 auditis

1929 3132 2291 3194 perrexerunt
2316 3126 2382 3179 ad
2431 3141 2572 3182 enm.
2605 3126 2757 3194 Quos
2807 3136 2862 3181 ut
2909 3129 3041 3182 vidit
3081 3129 3319 3200 sapiens,
3343 3130 3474 3184 dixit
3510 3147 3522 3183 :

1933 3221 2144 3288 \"enite,
2178 3222 2377 3289 venite,
2409 3222 2573 3295 legati
2606 3224 2753 3297 regis
2800 3224 3184 3283 inobedientis.
3209 3226 3356 3281 Deus
3379 3227 3524 3281 enim

1844 3303 1893 3372 Ο
1925 3309 1980 3364 in
2019 3309 2270 3365 custodia
2317 3309 2368 3366 ei
2412 3310 2661 3367 diversas
2706 3313 2955 3368 nationes
2993 3315 3253 3382 subdidit,
3296 3330 3524 3387 quarum

1924 3408 2038 3453 non
2082 3405 2262 3453 rectus
2297 3399 2633 3469 gubernator
2662 3400 2762 3455 sed
2787 3401 3008 3455 immitis
3037 3403 3230 3458 extitit.
3261 3404 3407 3458 Deus
3436 3404 3527 3476 qui

1922 3485 2074 3539 illum
2121 3492 2175 3541 et
2219 3486 2362 3542 illius
2413 3488 2663 3543 subditos
2693 3488 2762 3543 de
2813 3489 3002 3544 eadem
3055 3492 3284 3546 materia
3318 3493 3527 3548 creavit

1923 3573 2046 3642 ejus
2078 3571 2495 3630 immoderatam
2525 3575 2625 3631 diu
2649 3591 2843 3646 passus
2859 3577 3156 3648 nequitiam
3186 3579 3526 3634 multimodis

1917 3669 2348 3726 correctionibus
2379 3679 2435 3726 ut
2464 3681 2808 3728 converteret
2834 3675 3150 3740 ammonuit,
3165 3676 3264 3730 sed
3287 3677 3526 3732 tamdem

1915 3757 1983 3810 ad
2014 3758 2215 3812 malum
2247 3759 2370 3830 ejus
2394 3760 2450 3814 in
2502 3759 2648 3814 illius
2682 3776 2873 3817 necem
2915 3762 3360 3818 inmisericordes
3392 3765 3524 3818 bar-

1916 3845 2074 3900 baras
2105 3848 2383 3903 suscitavit
2413 3857 2607 3920 gentes
2643 3867 2657 3903 :
2691 3858 2742 3904 et
2773 3850 2878 3905 hoc
2919 3850 3068 3905 dicto
3099 3852 3265 3906 tacuit
3295 3854 3520 3923 sapiens

1918 3934 2100 3989 homo.
2136 3936 2294 4004 Quod
2325 3938 2610 3991 audientes
2639 3937 2952 4008 philosophi
2983 3939 3319 3994 mirabantur
3347 3948 3401 3994 et
3428 3942 3523 4012 qui

1917 4023 2148 4078 aderant
2181 4023 2448 4080 universi.
2485 4025 2582 4079 Die
2631 4041 2767 4080 vero
2799 4027 2954 4080 tertia
3001 4027 3342 4099 phil050phis
3365 4045 3522 4099 qua}-

1916 4112 2163 4166 rentibus
2193 4111 2399 4167 licitum
2449 4113 2800 4184 repatriandi,
2835 4115 3173 4171 reverendus
3222 4116 3313 4170 ille
3347 4116 3522 4188 philo-

1919 4207 2150 4279 sophico
2180 4208 2374 4279 spiritu
2405 4209 2571 4266 dixit:
2605 4211 2961 4267 Revertimini
2980 4214 3236 4284 quoniam
3267 4221 3520 4269 mortuus

1918 4303 2002 4351 est
2027 4294 2280 4351 dominus
2309 4305 2511 4366 vester,
2543 4303 2600 4353 et
2652 4299 2798 4353 Deus
2822 4300 2935 4368 jam
2971 4315 3173 4356 novum
3224 4317 3415 4374 regem
3444 4301 3520 4357 ibi

1918 4383 2098 4454 posuit
2142 4384 2233 4456 qui
2277 4385 2342 4439 sit
2386 4394 2565 4440 rectus
2611 4387 2949 4458 gubernator
2988 4397 3041 4443 et
3077 4389 3224 4444 mitis
3267 4389 3519 4461 gentibus

1917 4472 2174 4526 subditis.
2215 4472 2432 4528 Auditis
2472 4474 2674 4530 talibus
2719 4476 3024 4548 philosophi
3094 4478 3183 4550 qui
3230 4488 3514 4546 venerunt,

1919 4567 2094 4622 tribus
2127 4584 2248 4622 cum
2275 4569 2543 4639 praedicto
2573 4571 2824 4641 sapiente
2841 4574 3268 4639 remanentibus,
3286 4583 3518 4644 quatuor

207 4652 599 4739 comminuam,
650 4652 854 4740 bona“;
901 4652 988 4740 {rei
1035 4652 1322 4740 amilum}.
1375 4683 1690 4756 Discipulus
1735 4684 1806 4739 ad
1835 4652 1888 4712 D
1919 4656 2347 4726 repatriaverunt
2390 4658 2483 4730 qui
2512 4659 2696 4714 omnia
2727 4667 2783 4714 ut
2817 4659 2896 4715 eis
2940 4660 3143 4716 dictum
3174 4661 3348 4718 fuerat
3389 4679 3516 4718 vera

206 4783 567 4854 magistrum:
603 4783 882 4838 Prohibuit
919 4782 1278 4854 philosOphus
1319 4782 1658 4838 benefactum
1704 4799 1808 4838 ne-

208 4893 365 4947 gare.
399 4881 484 4936 Ad
515 4881 620 4937 hoc
667 4881 931 4955 magister
960 4899 974 4938 :
1007 4880 1114 4950 Qui
1157 4881 1396 4954 denegat
1440 4882 1805 4960 benefactum,

213 4976 458 5050 denegat
486 4977 682 5043 Deum,
715 4983 769 5031 et
812 4975 908 5031 ille
939 4976 1028 5048 qui
1062 4992 1171 5033 non
1204 4977 1384 5033 obedit
1423 4978 1543 5049 regi
1592 4978 1805 5036 victori,

201 5085 277 5130 est
308 5073 636 5130 inobediens
685 5074 821 5130 Deo.
856 5073 1168 5145 Discipulus
1202 5092 1216 5130 :
1249 5073 1491 5131 Ostende
1537 5075 1666 5130 mihi
1715 5092 1805 5132 ra-

205 5175 407 5231 tionem
439 5174 714 5247 quomodo
736 5175 842 5232 hoc
871 5190 997 5230 esse
1025 5174 1224 5245 possit.
1261 5175 1547 5248 Magister:
1583 5176 1803 5234 Nullum

204 5273 547 5332 benefactum
575 5273 826 5344 procedit
854 5273 926 5328 de
983 5283 1239 5329 creatura
1267 5273 1336 5329 ad
1366 5283 1676 5330 creaturam
1699 5276 1802 5330 nisi

202 5387 262 5428 ex
294 5373 402 5428 deo
431 5370 712 5443 procedat,
744 5378 797 5426 et
825 5369 903 5425 illi
946 5370 1042 5441 qui
1094 5371 1368 5443 denegant
1403 5371 1798 5441 benefactores,

201 5479 252 5524 et
280 5471 354 5525 ita
381 5471 662 5541 denegant
689 5469 886 5523 Deum.
921 5467 1073 5523 Alius
1107 5484 1120 5523 :
1156 5468 1378 5525 Custodi
1405 5477 1457 5525 te
1487 5486 1520 5525 a
1548 5487 1682 5543 rege
1707 5471 1800 5528 illo

198 5569 287 5639 qui
319 5567 470 5624 ferus
499 5573 668 5622 estut
721 5565 830 5631 leo,
863 5566 946 5622 cui
998 5573 1082 5620 est
1116 5566 1251 5621 levis
1289 5567 1502 5622 animus
1547 5575 1606 5622 ut
1640 5583 1794 5638 puer,

196 5663 343 5720 Alius
377 5681 391 5717 :
427 5661 535 5731 Qui
563 5659 762 5715 malum
795 5660 924 5716 dicit
951 5661 1020 5715 de
1052 5676 1205 5732 rege,
1238 5670 1364 5717 ante
1392 5670 1606 5734 tempus
1636 5680 1795 5718 suum

196 5763 480 5818 morietur.
531 5758 725 5814 Alius:
759 5759 971 5814 Diutius
1013 5759 1214 5816 durare
1263 5761 1466 5832 patitur
1509 5762 1658 5817 Deus
1704 5778 1794 5817 re-

196 5877 362 5932 gnum
408 5858 562 5928 regis
604 5857 660 5910 in
701 5871 798 5910 sua
837 5872 1076 5928 persona
1119 5859 1396 5928 peccantis
1426 5876 1473 5914 si
1519 5859 1694 5914 bonus
1723 5860 1793 5916 sit

195 5959 450 6031 gentibus
479 5963 534 6012 et
589 5950 763 6021 mitis,
796 5968 957 6024 quam
1014 5951 1220 6011 faceret
1242 5953 1395 6024 justo
1455 5955 1576 6026 regi
1604 5954 1658 6010 in
1689 5971 1788 6012 sua

1921 4759 1976 4806 et
2006 4752 2306 4807 constituta
2327 4753 2678 4809 invenerunt.

1990 4841 2168 4895 Arabs
2188 4841 2322 4896 dixit
2351 4841 2460 4898 filio
2496 4859 2595 4898 suo
2631 4861 2642 4898 :
2673 4845 2755 4899 Ne
2787 4845 3017 4899 moreris
3048 4845 3101 4899 in
3123 4844 3339 4900 civitate
3368 4847 3517 4919 regis

1919 4927 2179 5000 dispensa
2207 4931 2364 5000 cujus
2394 4931 2493 4986 erit
2521 4932 2699 5002 major
2727 4949 2885 5006 quam
2916 4933 3188 4989 redditus.

2460 5107 2727 5165 FABULA
2766 5109 2964 5165 XXIV.

1983 5242 2194 5298 Dictum
2250 5258 2487 5316 namque
2532 5253 2616 5301 est
2668 5248 2812 5319 quod
2865 5247 3085 5319 quidam
3139 5263 3237 5302 rex
3290 5261 3514 5303 suorum

1911 5332 2190 5386 communi
2237 5349 2467 5388 assensu
2513 5350 2808 5404 procerum
2853 5335 3065 5391 cuidam
3112 5349 3212 5390 suo
3257 5334 3511 5390 familiari

1910 5436 2073 5491 quem
2108 5429 2268 5476 antea
2295 5431 2637 5493 cognoverat
2665 5423 2720 5477 in
2748 5423 3082 5478 secularihus
3113 5439 3237 5478 esse
3267 5423 3510 5494 pruden-

1907 5516 2019 5563 tem
2069 5509 2230 5564 totius
2277 5509 2438 5581 regni
2473 5510 2750 5566 commisit
2797 5511 3059 5578 habenas,
3094 5511 3184 5583 qui
3215 5512 3514 5582 provincias

1907 5596 2152 5652 redditus
2182 5598 2490 5669 susciperet
2520 5607 2574 5654 et
2595 5615 2793 5655 causas
2822 5608 3098 5656 tractaret.
3130 5600 3296 5668 Cujus
3317 5600 3505 5667 frater,

1907 5685 2130 5740 alterius
2189 5687 2349 5758 regni
2391 5687 2551 5743 dives
2601 5697 2897 5757 mercator,
2928 5697 3193 5744 remotam
3233 5689 3509 5745 incolebat

1903 5771 2197 5837 civitatem,
2230 5774 2322 5843 qui
2351 5783 2613 5846 percepto
2641 5777 2710 5831 de
2743 5776 2928 5832 fratris
2995 5777 3375 5831 sublimatione
3408 5793 3508 5847 pa-

1901 5877 2024 5924 rato
2064 5867 2320 5924 comitatu
2354 5879 2514 5940 prout
2560 5872 2742 5928 decuit
2789 5883 2850 5930 ut
2891 5874 3122 5928 fratrem
3153 5873 3355 5928 viseret
3405 5873 3510 5928 iter

1899 5957 2119 6030 incepit,
2150 5957 2439 6027 praemisso
2468 5959 2684 6017 tandem
2716 5964 2921 6021 nuncio
2942 5976 3012 6018 ne
3041 5959 3259 6016 subitus
3288 5968 3380 6014 aut
3408 5960 3508 6014 im-
