3966 6392
440 398 547 465 £99
1364 394 1565 459 rural
1607 403 1953 481 suntme:
2000 404 2099 475 ex
2133 397 2375 469 tunso.
2415 404 2810 463 cumsuam
3632 389 3758 452 “too

436 525 697 601 provisus
723 527 949 593 veniret,
979 528 1074 601 qui
1101 527 1171 585 de
1200 527 1437 605 adventu
1467 543 1566 585 suo
1594 526 1748 587 fratri
1777 526 2027 597 referret,
2053 528 2112 590 Α
2137 529 2282 601 phus
2309 545 2322 589 :
2356 529 2461 599 Qui
2495 531 2665 595 servit
2716 529 2835 604 regi
2882 528 3002 584 sine
3043 526 3280 593 fortuna,
3320 524 3426 579 hoc
3474 520 3761 577 sarculum

441 613 661 679 Civitati
684 613 739 670 in
769 631 875 688 qua
904 614 1067 673 frater
1093 617 1284 677 aderat
1313 616 1793 693 appropinquaVit.
1829 614 2041 681 Audito.
2104 608 2109 615 ’
2142 617 2327 689 perdit
2366 626 2417 683 et
2456 615 2620 675 aliud.
2665 616 2831 687 Filius
2864 620 2877 671 ξ
2922 614 2971 673 0
3015 616 3193 681 Pater,
3220 627 3387 685 quare
3428 606 3633 667 oblitus
3689 622 3761 663 es

443 696 628 767 fratris
654 703 917 768 adventu,
947 703 1115 763 frater
1142 705 1375 773 occurrit
1418 712 1473 767 et
1502 703 1681 791 hylari
1723 703 1878 791 vultu
1903 703 2037 769 satis
2144 716 2341 777 dicere
2365 709 2640 789 quomodo
2664 713 2827 783 debet
2847 713 3010 771 homo
3032 706 3318 791 cgmedere
3335 722 3521 764 coram
3546 718 3691 791 rege
3726 705 3763 753 τ

442 807 566 847 eum
631 801 886 871 accurata
933 794 1194 867 suscepit.
1230 792 1552 871 Transactis
1591 784 1798 865 aliquot
1842 780 2038 857 diebus

440 875 666 948 proviso
696 887 935 953 tempore
965 890 1020 937 et
1064 882 1186 939 loco
1217 882 1362 955 regis
1404 881 1569 937 etiam
1598 881 1816 939 fratrem
1862 897 2021 937 suum

443 966 732 1025 advenisse
760 969 903 1025 inter
931 979 1128 1028 caetera
1176 988 1299 1045 quas
1341 970 1545 1027 sciebat
1573 970 1794 1044 placere
1834 970 2037 1027 retulit.

443 1057 539 1111 Cui
568 1073 667 1114 rex
694 1072 707 1112 :
741 1057 798 1114 Si
828 1058 1149 1117 fratertuus
1185 1067 1369 1118 tecum
1394 1060 1453 1116 ῆι
1494 1075 1620 1116 meo
1651 1075 1827 1132 regno
1855 1073 2039 1115 rema-

442 1169 574 1212 nere
615 1155 975 1229 acquieverit,
1025 1156 1213 1221 omnia
1266 1164 1448 1219 tecum
1498 1156 1581 1215 illi
1634 1148 1798 1221 etiam
1852 1168 2036 1219 rerum

441 1259 687 1299 mearum
714 1244 1023 1303 custodiam
1046 1260 1391 1313 communem
1422 1263 1545 1303 esse
1576 1240 1860 1312 concedo;
1892 1242 2037 1319 quad

441 1331 489 1389 si
517 1331 760 1390 laborem
791 1336 1048 1405 renuerit,
1077 1335 1134 1392 in
1150 1337 1253 1393 hac
1271 1335 1488 1392 civitate
1523 1335 1704 1410 largas
1732 1336 1785 1393 ei
1815 1350 2039 1407 posses-

440 1420 625 1478 siones
655 1421 872 1479 donabo
900 1434 952 1480 et
980 1425 1406 1482 consuetudines
1428 1431 1483 1481 et
1509 1439 1631 1496 quae
1652 1416 1877 1489 deberet
1902 1414 2033 1478 mihi

442 1510 625 1567 iacere
660 1512 1012 1572 condonabo.
1066 1514 1123 1570 Si
1171 1527 1307 1570 vero
1357 1510 1583 1569 demum
1626 1516 1801 1568 tactus
1848 1526 2040 1569 amore

444 1594 638 1650 natalis
669 1592 771 1652 soli
790 1596 1097 1668 repatriare
1129 1596 1386 1665 voluerit,
1410 1596 1571 1670 plura
1586 1596 2037 1653 vestimentorum

440 1683 750 1753 mutatoria,
782 1692 839 1742 et
869 1703 1229 1760 quaecumque
1259 1687 1307 1742 ei
1345 1686 1542 1742 fuerint
1590 1683 1906 1742 necessaria
1931 1686 2040 1738 lar-

441 1764 559 1846 gire
620 1789 744 1831 cum
789 1774 1184 1832 habundantia.
1233 1774 1447 1831 Auditis
1492 1774 1842 1830 sermonibus
1888 1771 2040 1847 regis

2147 806 2341 869 Pater:
2374 788 2495 860 Non
2538 803 2737 867 oblitus
2763 802 2839 858 fui
2872 788 3085 871 dicere,
3109 798 3237 873 quia
3265 796 3414 853 nulla
3462 802 3545 861 est
3573 788 3758 848 diﬂ'e-

2146 893 2321 959 rentia
2358 892 2647 953 comedere
2703 907 2886 961 coram
2926 905 3060 963 rege
3107 896 3159 944 et
3201 885 3349 955 alibi.
3392 881 3605 941 Filius:
3643 878 3764 937 Die

2145 993 2281 1056 ergo
2308 978 2582 1056 quomodo
2597 976 2799 1050 ubique
2819 968 3051 1037 debeam
3074 968 3583 1035 comedere.Pater:
3600 965 3761 1021 Cum

2143 1054 2391 1127 ablueris
2420 1076 2615 1149 manus
2665 1056 3033 1133 utcomedas,
3053 1062 3186 1149 nihil
3218 1066 3411 1137 tangas
3437 1057 3540 1149 nisi
3568 1071 3761 1137 pram-

2144 1154 2295 1217 dium
2314 1153 2496 1217 donec
2523 1140 2805 1221 comedas.
2822 1150 2904 1223 Ne
2933 1148 3195 1219 comedas
3205 1161 3401 1225 panem
3422 1140 3758 1233 priusquam

2141 1246 2330 1303 veniat
2358 1245 2511 1315 aliud
2544 1244 2814 1305 ferculum
2842 1261 3007 1317 super
3034 1254 3381 1319 mensam,ne
3409 1234 3606 1293 dicaris
3636 1233 3756 1287 im-

2142 1336 2355 1408 patiens
2380 1354 2393 1400 ;
2427 1350 2531 1401 nec
2552 1328 2757 1401 tantum
2779 1333 2962 1392 bolum
2984 1334 3162 1388 mittas
3181 1330 3232 1386 in
3261 1344 3357 1386 ore
3387 1336 3478 1385 tuo
3495 1332 3551 1383 ut
3582 1322 3756 1381 mica:

2142 1415 2386 1487 deﬂuant
2427 1415 2555 1481 hinc
2585 1430 2639 1480 et
2684 1422 2831 1493 inde,
2864 1437 2938 1503 ne
2983 1414 3187 1479 dicaris
3230 1421 3406 1503 gluto.
3428 1416 3510 1474 Ne
3539 1414 3753 1503 glutine

2144 1506 2327 1564 bolum
2356 1502 2672 1589 priusquam
2704 1503 2866 1563 fuertt
2891 1502 3030 1563 bene
3059 1494 3529 1573 commasticatum
3550 1494 3615 1589 in
3633 1496 3740 1556 tuo

2143 1613 2257 1665 ore,
2287 1596 2357 1653 ne
2387 1597 2777 1671 stranguleris;
2800 1610 2906 1653 nec
2934 1594 3133 1671 pocula
3166 1608 3353 1649 sumas
3384 1590 3558 1651 donec
3578 1588 3652 1645 sit
3676 1604 3750 1645 os

2142 1701 2392 1752 vacuum,
2426 1703 2499 1743 ne
2532 1684 2733 1745 dicaris
2788 1680 3048 1753 viuesus;
3078 1698 3183 1740 nec
3210 1680 3448 1756 loquaris
3476 1678 3605 1737 dum
3631 1676 3749 1733 ali-

2144 1774 2273 1847 quid
2304 1775 2357 1830 in
2397 1790 2490 1831 ore
2519 1770 2782 1841 tenueris,
2816 1789 2885 1829 ne
2916 1770 3123 1845 aliquid
3149 1762 3313 1827 intret
3334 1770 3402 1824 de
3431 1774 3652 1842 gutture
3685 1766 3748 1821 in

442 1861 612 1918 frater
659 1861 878 1921 fratrem
934 1864 1213 1931 convenit,
1260 1873 1320 1920 et
1362 1871 1560 1935 quanta
1602 1863 1854 1918 dominus
1900 1850 2034 1934 pro-
2064 1881 2119 1943 B
2145 1861 2389 1920 intimam
2422 1862 2677 1919 arteriam
2699 1878 2769 1919 ne
2799 1861 2869 1917 sit
2891 1861 2990 1917 tibi
3016 1856 3504 1943 causamonisﬁi
3526 1854 3748 1943 videris

442 1950 666 2008 miserat
711 1951 903 2008 ordine
956 1952 1283 2010 retractavit.
1335 1951 1439 2008 Cui
1486 1951 1703 2007 frater:
1749 1949 1806 2005 Si
1850 1949 1933 2005 vis
1979 1955 2036 2003 ut

442 2047 623 2095 tecum
652 2052 862 2108 morer,
895 2041 1126 2098 ostende
1181 2040 1313 2097 mihi
1368 2041 1555 2114 quanti
1612 2047 1736 2095 sunt
1786 2037 2036 2095 redditus

442 2128 612 2201 regis.
627 2129 752 2200 Ipse
780 2146 914 2187 vero
944 2145 1137 2187 omnes
1152 2129 1415 2187 ostendit.
1447 2128 1661 2185 Deinde
1675 2122 2038 2198 interrogavit

444 2231 581 2288 quas
610 2230 882 2290 expensas
898 2232 999 2274 rex
1028 2216 1255 2285 faceret,
1278 2216 1428 2292 quod
1456 2217 1576 2289 ipse
1594 2214 2039 2273 indicavit.‘l‘unc

442 2307 565 2378 ipse
593 2307 923 2381 contpatavit
965 2323 1088 2363 cum
1129 2304 1301 2364 fratre
1330 2306 1456 2381 quia
1486 2313 1723 2376 quantus
1765 2311 1878 2361 erat
1904 2300 2041 2359 red-

444 2403 593 2458 ditus
624 2411 777 2460 tanta
805 2412 925 2461 erat
953 2412 1001 2461 et
1033 2420 1299 2477 expensa,
1334 2411 1387 2460 et
1433 2403 1568 2458 dixit
1594 2401 1747 2458 fratri
1782 2421 1795 2457 :
1828 2400 2036 2467 Amice,

447 2491 610 2549 video
641 2501 844 2548 tantam
873 2509 998 2553 esse
1023 2492 1174 2567 regis
1204 2508 1502 2564 expensam
1532 2500 1765 2566 quantus
1796 2498 1879 2546 est
1906 2489 2040 2546 red-

444 2577 612 2645 ditus,
638 2591 691 2637 et
737 2581 784 2637 si
840 2582 1250 2638 consurrexerit
1294 2580 1499 2637 bellum
1548 2580 1671 2653 regi
1714 2586 1923 2647 vestro,
1953 2577 2043 2634 vel

452 2676 660 2750 aliquid
691 2679 818 2743 tale,
853 2678 998 2735 unde
1043 2677 1354 2751 procurabit
1383 2677 1502 2751 ipse
1546 2675 1747 2731 milites
1776 2689 1924 2742 suos,
1954 2673 2042 2730 vel

450 2765 597 2823 unde
627 2766 871 2823 inveniet
889 2767 969 2823 eis
1003 2763 1508 2823 nummos‘il’rater
1530 2780 1543 2820 :
1566 2764 1767 2837 Aliquo
1816 2762 2044 2820 consilio

446 2855 816 2928 nequiremus.
853 2844 959 2912 Cui
986 2854 1401 2913 fraterz‘l‘imeo
1446 2870 1516 2910 ne
1561 2869 1760 2910 census
1788 2867 1943 2910 meus
1974 2852 2043 2906 sit

450 2959 582 3015 pars
612 2944 776 3014 hujus
805 2944 1039 3011 consilii,
1085 2953 1135 3000 et
1162 2943 1294 3000 ideo
1322 2943 1465 3012 vale,
1498 2942 1621 3017 quia
1650 2941 1779 2998 nolo
1807 2937 2045 3013 amplius

449 3047 675 3088 morart.

518 3124 885 3203 Philosophus
916 3150 935 3187 :
978 3132 1094 3189 Rex
1136 3140 1221 3188 est
1262 3130 1455 3188 similis
1499 3131 1633 3204 igni,
1666 3131 1753 3190 cui
1793 3132 1839 3187 si
1870 3131 2031 3188 nimis

443 3216 704 3275 admotus
734 3218 927 3289 fueris,
949 3220 1316 3285 cremaberis;
1349 3222 1395 3277 si
1425 3238 1489 3278 ex
1512 3229 1626 3278 toto
1654 3230 1913 3289 remotus,
1936 3220 2025 3277 fri-

444 3306 627 3383 gebis.
655 3306 824 3365 Filius
851 3308 921 3365 ad
952 3319 1161 3382 patrem
1197 3328 1210 3365 :
1242 3310 1301 3365 Si
1329 3310 1618 3367 credidero
1648 3310 1830 3367 verbis
1859 3310 2043 3384 philo-

444 3395 628 3467 sOphi,
680 3412 986 3471 numquam
1033 3397 1319 3455 familiaris
1361 3412 1456 3455 ero
1493 3398 1635 3471 regi.
1685 3398 1784 3455 Cui
1835 3386 2043 3455 Pater:

446 3479 566 3550 Fili,
616 3483 834 3557 placere
886 3486 1004 3562 regi
1058 3503 1273 3543 summa
1324 3486 1609 3559 prudentia
1663 3494 1773 3544 est.
1829 3486 2045 3543 Filius:

451 3580 637 3649 Pater,
684 3584 838 3639 crudi
882 3600 971 3640 me
1020 3584 1324 3657 quomodo,
1363 3583 1409 3639 si
1453 3583 1749 3655 opertucrit
1795 3600 1883 3640 me
1929 3584 2046 3658 regi

451 3670 683 3737 servire,
712 3679 771 3728 ut
802 3673 1045 3745 prudens
1075 3681 1130 3729 et
1159 3673 1301 3729 bene
1330 3672 1524 3730 doctus
1553 3675 1771 3730 valeam
1803 3673 2044 3746 placere.

450 3758 644 3816 Pater:
676 3761 758 3817 Ad
813 3761 1135 3831 huiusmodi
1190 3761 1604 3819 instructionem
1636 3763 1813 3818 multa
1867 3772 2051 3820 essent

446 3848 759 3905 necessaria
792 3867 914 3920 quae
939 3850 1102 3907 modo
1136 3848 1202 3906 ad
1233 3848 1563 3907 memoriam
1585 3868 1690 3907 non
1706 3868 2047 3918 revocamus,

442 3945 499 3990 et
528 3936 773 3996 fortasse
798 3940 845 3994 si
866 3938 1355 4015 praescriberentur
1383 3938 1478 3995 tibi
1497 3939 1719 4013 pusillo,
1752 3940 1805 3995 in
1828 3940 2049 3996 tardinm

448 4042 814 4106 verterentur,
848 4036 946 4092 sed
979 4037 1049 4093 de
1080 4034 1264 4093 multis
1294 4051 1473 4109 pauca
1499 4046 1552 4092 et
1581 4054 1703 4111 quae
1726 4038 1770 4092 si
1800 4038 2051 4097 observa-

447 4122 594 4177 veris
627 4134 787 4179 erunt
817 4124 974 4182 utilia
1004 4123 1320 4182 referemus.
1352 4125 1439 4179 Ad
1489 4141 1653 4197 quem
1703 4125 1842 4182 filius
1873 4145 1886 4181 :
1918 4128 1983 4182 Et
2004 4125 2052 4181 si

449 4212 654 4268 erectis
679 4211 903 4269 auribus
932 4210 1101 4269 multa
1131 4213 1296 4286 cupio
1326 4213 1599 4287 promissa
1619 4214 1751 4271 mihi
1783 4212 2049 4272 audiendi

447 4309 640 4364 avidus
686 4311 1042 4367 vehementer
1085 4310 1349 4387 efﬂagito.
1409 4312 1564 4369 Pater
1598 4331 1610 4367 :
1644 4310 1748 4384 Qui
1792 4314 1905 4369 vult
1934 4313 2052 4393 regi

449 4410 573 4452 esse
597 4397 900 4463 familiaris,
932 4398 1096 4455 debet
1128 4400 1320 4457 videre
1349 4400 1498 4459 omni
1529 4401 1646 4460 visu
1677 4402 1873 4459 mentis
1905 4400 2052 4475 quod

449 4510 573 4551 cum
604 4496 812 4567 venerit
840 4497 911 4553 ad
941 4514 1128 4569 regem
1161 4508 1304 4555 stare
1349 4500 1441 4555 diu
1469 4499 1663 4571 possit,
1686 4517 1785 4556 nec
1807 4517 2042 4574 unquam

2143 1951 2326 2008 bolum
2356 1951 2449 2024 qui
2480 1951 2701 2024 placeat
2741 1944 2837 2006 tibi
2871 1952 2928 2006 in
2976 1942 3270 2023 parapside
3305 1957 3490 2004 ceram
3528 1936 3740 2012 sodali,

2142 2056 2254 2097 non
2294 2055 2497 2111 sumas,
2543 2055 2614 2096 ne
2649 2040 2866 2097 dicatur
2914 2039 3013 2095 tibi
3057 2053 3231 2111 prava
3272 2035 3565 2093 rusticitas.
3609 2034 3746 2089 Post

2143 2128 2435 2203 prandium
2461 2140 2656 2185 manus
2695 2128 2859 2185 ablue
2887 2128 3013 2202 quia
3042 2126 3328 2201 physicum
3374 2133 3457 2181 est
3483 2126 3542 2180 et
3566 2136 3739 2180 cara-

2142 2223 2289 2293 bile;
2321 2223 2393 2282 ob
2447 2225 2553 2282 hoc
2589 2223 2731 2282 enim
2779 2223 3073 2281 multorum
3124 2222 3269 2280 oculi
3344 2220 3744 2277 deteriorantur

2145 2316 2367 2388 quando
2395 2320 2516 2385 post
2544 2313 2773 2385 prandia
2794 2313 3047 2370 manibus
3077 2327 3186 2369 non
3203 2311 3406 2368 ablutis
3422 2315 3740 2383 tergentur.

2148 2402 2352 2461 Filius:
2387 2403 2444 2460 Si
2489 2402 2616 2475 quis
2663 2402 2973 2460 invitaverit
3013 2416 3103 2459 me
3146 2401 3217 2457 ad
3251 2400 3561 2474 prandium,
3594 2412 3742 2469 quo-

2146 2493 2313 2550 modo
2345 2492 2696 2565 respondebo
2716 2494 2746 2545 Ὗ
2758 2492 3066 2549 Concedam
3079 2490 3259 2547 statim
3277 2500 3347 2547 an
3366 2482 3516 2546 non?
3538 2484 3695 2543 Pater
3724 2502 3741 2539 :

2148 2581 2261 2639 Fac
2290 2580 2435 2639 sicut
2462 2581 2761 2638 auctoritas
2779 2580 3095 2638 intimorum
3136 2578 3396 2652 prmcepit
3422 2576 3557 2649 (ﬂ).
3599 2574 3748 2631 Dicit

2149 2671 2294 2727 enim
2328 2685 2342 2725 :
2379 2671 2437 2726 Si
2475 2670 2603 2743 quis
2644 2668 2955 2727 invitaverit
3001 2677 3055 2726 te
3090 2668 3163 2725 ad
3205 2667 3517 2740 prandium,
3546 2664 3742 2721 videas

2150 2775 2440 2833 personam
2470 2759 2772 2816 invitantis.
2797 2757 2862 2815 Si
2895 2759 3043 2816 enim
3066 2764 3267 2830 magna
3292 2767 3531 2828 persona
3555 2746 3739 2818 fuerit,

2151 2847 2336 2905 statim
2377 2844 2659 2913 concede:
2692 2840 2779 2906 sin
2833 2854 3037 2916 autem,
3094 2838 3401 2905 secundum
3441 2840 3586 2917 quod
3615 2834 3739 2907 erit.

2153 2936 2398 2997 secunda
2424 2939 2515 2996 vel
2541 2939 2703 2996 tertia
2730 2937 2868 2995 vice.
2885 2938 3003 2996 Hoc
3027 2937 3197 2995 etiam
3228 2934 3459 2995 refertur.
3481 2932 3552 2988 de
3577 2931 3743 2991 Abra—

2154 3033 2300 3088 ham.
2321 3028 2739 3094 Quadsmeaim
2764 3027 2857 3085 die
2872 3027 3001 3086 dum
3027 3040 3211 3087 coram
3240 3038 3344 3085 sua
3363 3030 3531 3099 staret
3550 3022 3739 3095 ianua,

2156 3127 2504 3177 transeuntes
2532 3119 2638 3177 sub
2677 3120 2917 3179 humana
2946 3117 3134 3191 specie
3186 3117 3323 3175 vidit
3347 3125 3462 3175 tres
3514 3109 3747 3187 angelos

2160 3225 2299 3285 quos
2327 3209 2451 3282 ipse
2470 3224 2627 3267 suam
2655 3209 2883 3293 domum
2906 3210 3109 3266 intrare
3134 3209 3368 3293 honesto
3398 3204 3549 3262 vultu
3572 3215 3747 3275 rogsq

2157 3301 2256 3365 vit,
2315 3299 2487 3371 pedes
2540 3298 2745 3366 lavare,
2804 3289 3067 3371 cyborum
3104 3286 3457 3361 refectionem
3506 3300 3739 3359 sumere.

2153 3384 2337 3446 lassos
2385 3396 2542 3445 artus
2580 3402 2777 3447 somno
2830 3402 3105 3447 recreare.
3138 3386 3249 3458 ipsi
3304 3399 3453 3451 vero,
3478 3379 3734 3453 quoniam

2155 3492 2359 3549 magna
2375 3491 2615 3550 persona
2631 3485 2771 3547 erat,
2791 3477 3191 3550 acquieverunt
3202 3475 3324 3545 ejus
3344 3469 3588 3546 petitioni
3607 3469 3739 3539 (ab).

2154 3566 2388 3629 Juvenis
2424 3566 2495 3623 ad
2527 3582 2754 3627 senem:
2796 3567 2934 3627 Cum
2962 3565 3217 3623 invitatus
3271 3562 3427 3623 fuero
3453 3560 3525 3627 ad
3578 3573 3743 3632 pran-

2156 3655 2326 3721 dium,
2340 3671 2542 3729 parum
2572 3655 2659 3712 vel
2686 3655 2849 3713 nimis
2862 3654 3146 3715 comedam
3159 3657 3186 3707 ‘2
3202 3652 3301 3713 Cui
3326 3667 3529 3713 senex:
3552 3645 3741 3716 Nimis,

2157 3744 2414 3816 quoniam
2447 3744 2493 3799 si
2519 3743 2736 3803 amicus
2780 3753 2906 3809 tuus
2931 3742 3089 3801 fuerit
3119 3741 3214 3815 qui
3241 3749 3292 3811 te
3320 3736 3590 3807 invitavit,
3611 3750 3743 3811 gau-

2156 3832 2305 3899 debit
2330 3832 2595 3902 multum;
2627 3833 2674 3893 si
2702 3841 2882 3911 autaut
2942 3830 3214 3901 inimicus,
3246 3829 3471 3899 dolebit.
3648 3841 3742 3885 au-

2156 3923 2270 3979 dito
2322 3922 2442 3978 risit
2483 3939 2640 3995 puer,
2664 3922 2734 3977 ad
2790 3938 2951 3994 quem
3000 3936 3203 3977 senex:
3238 3918 3575 3991 Recqordatus
3627 3930 3742 3975 sum

2156 4011 2310 4075 verbi
2334 4011 2481 4084 quod
2505 4011 2692 4077 audivi
2722 4008 3119 4079 dehiaimunclo
3149 4007 3327 4082 nigro.
3342 4006 3577 4079 Quidam
3604 4001 3737 4059 enim

2158 4118 2325 4167 senes
2356 4101 2604 4173 quaesivit
2658 4100 2728 4167 ab
2758 4116 2826 4157 eo
2881 4108 3143 4173 quantum
3190 4106 3387 4172 posset
3438 4092 3737 4167 comedere-

2158 4198 2254 4256 Cui
2284 4198 2438 4270 ipse:
2469 4200 2553 4257 De
2600 4197 2756 4269 cujus
2796 4197 3050 4270 prandio,
3078 4196 3149 4253 de
3183 4210 3313 4253 meo,
3349 4192 3434 4253 vel
3477 4189 3687 4259 alterius
3713 4189 3738 4241 Ῡ

2158 4301 2221 4354 At
2251 4298 2376 4355 ille:
2412 4298 2492 4354 Dc
2537 4304 2650 4353 tuo.
2683 4295 3026 4355 Maimundus
3058 4312 3071 4351 :
3105 4293 3377 4363 Quantum
3405 4289 3583 4364 magis
3617 4304 3738 4361 pos-

2157 4410 2300 4451 sum.
2325 4394 2501 4450 Senes
2528 4409 2540 4448 :
2572 4395 2649 4449 Tu
2678 4393 2843 4450 modo
2899 4391 3211 4449 recordaris
3252 4389 3544 4446 verborum
3568 4386 3740 4455 cujus-

2159 4485 2287 4541 dam
2316 4482 2519 4557 gulosi,
2564 4481 2728 4555 pigri,
2773 4480 2941 4548 stulti,
2991 4479 3202 4552 garruli
3231 4484 3288 4535 et
3320 4474 3646 4550 nugigeruli,
3689 4482 3739 4528 et

451 4584 638 4640 sedeat
664 4584 841 4645 donec
879 4602 967 4641 rex
1008 4587 1307 4659 praecipiat,
1346 4602 1449 4645 nec
1492 4587 1750 4667 loquatur
1787 4588 1889 4645 nisi
1905 4571 2042 4645 cum
2072 4609 2130 4672 Ι)
2160 4580 2418 4655 quiequid
2445 4580 2514 4636 de
2540 4580 2637 4636 illo
2665 4578 2864 4637 dicitur
2890 4577 3127 4649 amplius
3149 4576 3206 4632 ia
3240 4590 3305 4631 eo
3328 4573 3622 4635 invenitur.
3647 4571 3736 4672 iu-

448 4696 587 4753 opus
613 4681 793 4749 fuerit,
826 4699 926 4739 nec
963 4690 1207 4740 moretur
1237 4700 1368 4741 cum
1418 4701 1546 4758 rege
1576 4685 1681 4741 nisi
1711 4702 1802 4741 rex
1834 4700 2048 4759 praece-

447 4771 587 4842 perit
620 4773 840 4841 morari,
875 4783 928 4829 et
955 4771 1190 4828 ﬁdeliter
1224 4773 1519 4829 consilium
1573 4780 1770 4833 taceat.
1820 4775 2050 4846 Semper

450 4868 520 4925 sit
576 4867 818 4925 intentus
875 4870 1066 4929 audire
1124 4871 1269 4943 quod
1329 4887 1426 4927 rex
1477 4871 1646 4936 dicet,
1681 4889 1748 4929 ne
1806 4879 2052 4947 oporteat

451 4974 642 5029 regem
672 4958 754 5013 bis
798 4958 1138 5031 praeceptum
1180 4969 1451 5030 repetere.
1479 4952 1876 5032 Quodcumque
1907 4979 2050 5032 pra:-

450 5047 595 5117 cepit
640 5062 735 5102 rex
793 5045 974 5103 faciat.
1019 5047 1218 5105 Caveat
1265 5063 1334 5107 ne
1381 5048 1676 5107 mentiatur
1726 5049 1843 5121 regi
1893 5057 1945 5105 et
1974 5050 2053 5105 sic

452 5135 551 5190 erit
594 5134 645 5191 ei
694 5136 996 5202 obediens;
1029 5152 1096 5190 ne
1143 5152 1400 5207 umquam
1444 5136 1689 5192 sdsociet
1735 5153 1795 5193 se
1844 5139 2048 5193 homini

453 5248 619 5305 quem
647 5247 750 5288 rex
797 5233 929 5289 odio
966 5230 1204 5293 habebit.
1237 5233 1370 5288 Cum
1416 5233 1534 5289 hmo
1570 5234 1751 5288 omnia
1798 5242 1851 5290 et
1883 5234 2052 5290 multa

451 5331 558 5385 alia
590 5330 799 5393 fecerit,
834 5330 1056 5385 forsitan
1088 5331 1158 5385 de
1199 5345 1334 5401 rege
1363 5346 1472 5387 non
1511 5346 1770 5403 magnum
1823 5333 2052 5388 habebit

449 5415 779 5487 proﬁcuum.
800 5418 1000 5473 Filius:
1018 5418 1167 5473 Nihil
1184 5420 1344 5490 pejus
1367 5420 1629 5492 contingit
1652 5421 1855 5476 homini
1885 5436 2049 5495 quam

448 5505 539 5559 diu
576 5505 694 5577 regi
726 5506 932 5562 servire
954 5512 1003 5561 et
1025 5507 1160 5562 nihil
1200 5507 1325 5561 boni
1359 5509 1695 5580 acquierere.
1722 5511 1913 5565 Pater:
1937 5511 2050 5567 Hoc

446 5592 633 5647 multis
656 5594 776 5662 jam
808 5597 989 5649 evenit
1018 5612 1035 5659 ;
1068 5604 1120 5650 et
1150 5595 1274 5652 ideo
1304 5597 1564 5668 praecepit
1594 5597 1949 5670 philusOphus
1980 5616 2049 5656 ne

443 5690 714 5765 quispiam
771 5688 932 5747 nimis
973 5696 1220 5748 moretur
1250 5693 1301 5747 in
1354 5694 1579 5749 servitio
1616 5695 1781 5765 regis.
1810 5694 2049 5753 Philoso-

510 5922 626 5992 (αι)
655 5921 910 5990 τιιωωιι
1016 5988 1019 5991 .

2164 4677 2353 4734 venis:
2387 4675 2611 4737 Nuhum
2634 4676 2814 4748 placet
2847 4676 2980 4732 mihi
3002 4675 3072 4732 de
3104 4691 3173 4733 eo
3194 4674 3407 4739 audire,
3436 4673 3562 4744 quia
3589 4669 3735 4742 quie-

2157 4777 2287 4850 quid
2316 4777 2386 4833 de
2424 4792 2493 4833 eo
2521 4784 2606 4832 est
2638 4775 2973 4833 derisorium
3004 4784 3106 4842 est,
3138 4782 3213 4831 et'
3239 4772 3286 4828 si
3329 4771 3462 4845 quid
3522 4769 3594 4825 de
3634 4769 3737 4839 eius

2157 4866 2321 4931 dictis
2357 4866 2440 4922 vel
2462 4865 2623 4923 factis
2657 4872 2840 4929 mente
2878 4865 3102 4935 retines,
3136 4862 3418 4936 eloquere,
3443 4868 3496 4917 et
3540 4855 3757 4919 habebo

2156 4970 2261 5028 pro
2287 4970 2533 5013 munere.
2565 4955 2766 5013 Senex.

2705 5063 2977 5121 FABULA
3023 5064 3201 5121 XXV.

2229 5167 2493 5225 Dominus
2527 5184 2691 5228 servo
2739 5172 3000 5244 prmoepit
3044 5171 3281 5243 quadam
3314 5178 3475 5226 nocte
3513 5178 3569 5227 ut
3590 5167 3731 5225 clau-

2154 5256 2313 5314 deret
2337 5260 2596 5327 januam:
2627 5260 2746 5328 ipse
2769 5276 2899 5317 vero
2926 5260 3141 5316 desidia
3153 5275 3379 5331 pressus
3397 5273 3620 5329 surgere
3636 5272 3731 5313 non

2157 5346 2354 5414 potuit,
2382 5352 2435 5401 et
2478 5344 2603 5400 ideo
2630 5344 2767 5401 dixit
2796 5346 2929 5417 quia
2956 5345 3167 5411 clausa
3205 5354 3341 5411 erat.
3370 5345 3526 5401 itane
3567 5348 3728 5403 autem

2157 5431 2298 5499 facto
2324 5432 2587 5491 Dominus
2604 5432 2741 5495 dixit
2760 5449 2923 5499 servo
2943 5453 2957 5490 :
2978 5433 3304 5507 Maiuiunde.
3331 5431 3723 5511 aperijanuam.

2155 5520 2255 5581 Cui
2292 5537 2520 5581 servus:
2556 5522 2809 5589 Domine,
2841 5522 3087 5585 sciebam
3147 5523 3294 5594 quod
3350 5520 3573 5579 volebas
3622 5534 3726 5576 eam

2155 5609 2316 5665 hodie
2341 5626 2464 5665 esse
2490 5620 2827 5682 apartam.et
2844 5611 2972 5667 ideo
2999 5610 3149 5667 nolui
3176 5626 3303 5667 sero
3324 5626 3442 5675 eam
3472 5607 3726 5675 claudere.

2155 5699 2307 5755 Tunc
2336 5699 2587 5775 primum
2614 5700 2880 5771 comperit
2928 5701 3183 5761 dominus
3215 5698 3359 5771 quod
3406 5708 3627 5777 propter
3650 5696 3724 5779 pi-

2224 5931 2337 5998 (ὶῧ)
2367 5928 2571 6011 Genus.
2607 5943 2767 5999 svnt,
