3966 6412
448 438 553 494 703

1380 440 1586 498 PETRI
1621 438 1975 498 ALPHONSI
2011 440 2111 498 EX
2144 439 2389 499 ΠΗ)Εο
2426 440 2829 500 CHRISTIANI

3648 453 3769 510 706

451 561 522 651 lit
549 571 697 633 patet
725 562 778 619 in
807 564 990 621 verbis
1016 564 1242 621 nihilum
1272 581 1389 622 esse
1416 565 1711 637 potentiam
1741 566 2035 623 conﬁteris.
2072 571 2128 633 Α
2160 569 2407 624 thesauro
2434 568 2600 624 vitam
2630 569 2773 625 fame
2801 570 2885 626 vel
2928 570 3013 627 siti
3070 572 3428 631 laborantium
3475 591 3770 651 quousque

450 650 549 708 Cui
575 653 926 726 philosophus
953 655 1007 710 in
1039 663 1326 728 angustam
1356 670 1469 711 suae
1495 655 1691 710 mentis
1734 654 1921 710 sedem
1969 671 2053 712 re-

450 749 637 811 ceptus
661 743 737 797 ait
766 762 779 798 ε
815 743 933 799 Scis
958 742 1072 815 ipse
1103 744 1333 799 nimium
1367 743 1461 800 tibi
1498 743 1854 801 ambitionem
1898 759 2053 799 mor-

450 837 636 893 talium
657 856 834 895 rerum
865 840 1196 896 dominatum
1238 841 1401 897 fuisse
1457 850 1512 896 et
1556 841 1838 896 materiam
1890 839 2052 896 rebus

447 926 699 998 gerendis
727 936 779 983 te
806 930 1073 1000 optavisse
1103 929 1250 999 quod
1281 946 1347 984 ne
1375 929 1544 985 virtus
1575 938 1683 997 tua,
1714 937 1775 985 ut
1800 930 1923 1001 ipse
1962 929 2051 982 fa-

450 1015 591 1082 teris,
621 1025 992 1073 consuesceret
1020 1017 1181 1074 tacita
1206 1033 1221 1088 ;
1247 1018 1345 1073 sed
1374 1018 1450 1074 ob
1479 1018 1789 1090 cupidinem
1816 1002 2050 1090 ‘glorim,

446 1111 580 1166 sicut
628 1113 702 1167 rei
760 1114 1040 1170 sinceritas
1094 1123 1193 1183 est,
1252 1115 1423 1170 fecisti
1490 1114 1873 1185 adipiscendae,
1929 1129 2051 1184 qua;

447 1216 606 1271 quam
636 1201 703 1255 sit
731 1202 887 1257 exilis
915 1211 969 1258 et
998 1203 1165 1258 totius
1193 1221 1367 1259 vacua
1392 1204 1647 1276 ponderis
1665 1203 2047 1260 sitconsidera.

442 1289 570 1344 Tute
624 1292 894 1361 prasterita
951 1292 1143 1363 gloriae
1200 1294 1442 1362 potentia
1484 1301 1667 1365 utpote
1743 1307 1865 1363 que
1934 1291 2050 1361 jam

448 1378 593 1433 nulla
621 1387 721 1447 est,
753 1380 1054 1436 metuenda
1084 1396 1193 1436 non
1222 1388 1321 1449 est,
1345 1381 1439 1435 sed
1485 1397 1662 1451 neque
1705 1380 1903 1448 futura,
1949 1395 2050 1434 cu-

438 1474 531 1543 jus
559 1482 783 1530 eventus
810 1476 1129 1532 dubitabilis
1157 1484 1242 1531 est
1276 1485 1329 1532 et
1358 1476 1609 1532 incertus.
1666 1477 1747 1532 De
1800 1473 2051 1547 praesenti

446 1571 655 1619 constat
683 1565 811 1635 quia
840 1563 913 1620 ita
938 1581 1106 1636 parva
1135 1574 1235 1633 est,
1269 1565 1343 1620 ita
1389 1574 1771 1622 momentanea
1822 1572 1874 1621 et
1927 1580 2051 1635 quae

439 1650 493 1705 in
524 1652 632 1707 ictu
660 1653 801 1708 oculi
830 1653 1159 1709 adnullanda
1198 1670 1211 1705 :
1273 1654 1344 1709 ob
1405 1656 1507 1710 hoc
1561 1653 1707 1709 enim
1765 1652 1913 1708 nulla
1968 1652 2051 1707 sui

442 1747 594 1811 parte
623 1748 701 1796 est
732 1742 1095 1798 formidanda.
1130 1742 1401 1814 Perceptis
1453 1742 1691 1813 denique
1745 1740 2055 1813 philosophi

438 1829 637 1899 verbis,
669 1845 764 1885 rex
793 1831 869 1886 ait
903 1832 1261 1903 complicibus
1316 1831 1471 1886 suis:
1535 1832 1739 1887 Servus
1792 1831 1892 1886 Dei
1948 1838 2048 1899 est,

2161 666 2333 737 potuit
2358 667 2617 722 sustinere
2646 682 2756 723 non
2797 668 2999 724 distulit
3040 685 3143 728 nec
3182 670 3412 730 suﬁeeit.
3475 675 3577 731 Hic
3607 675 3768 734 idem

2159 754 2226 808 de
2248 754 2486 809 vestibus
2511 762 2566 810 et
2589 755 2838 825 pretiosis
2865 758 3134 829 lapidibus
3161 761 3293 833 egit,
3325 770 3379 817 et
3423 762 3501 820 sic
3545 765 3771 821 transiit

2158 842 2387 898 circulus
2413 843 2540 899 anni
2567 844 2623 899 in
2650 861 2758 915 quo
2784 860 2892 902 non
2920 863 3122 917 paucos
3153 849 3271 918 jam
3297 851 3485 907 mortis
3523 852 3772 908 nexibus

2159 941 2389 997 irretitos
2418 941 2682 998 liberavit.
2708 943 2835 999 Erat
2860 953 3039 1001 autem
3070 946 3124 1001 in
3153 948 3344 1004 eadem
3374 950 3597 1022 regione
3621 951 3767 1022 qui-

2159 1029 2285 1086 dam
2314 1030 2460 1103 regis
2506 1031 2800 1103 prmscripti
2856 1033 3097 1090 notarius
3158 1036 3248 1106 qui
3305 1036 3488 1093 livoris
3539 1040 3766 1095 macula

2161 1126 2329 1174 tactus
2357 1135 2523 1191 puero
2552 1120 2848 1189 invidebat,
2873 1130 2928 1178 et
2953 1138 3148 1193 graves
3176 1124 3483 1182 inimicitias
3527 1128 3766 1184 latenter

2159 1219 2462 1283 exercebat,
2495 1226 2550 1274 et
2574 1235 2760 1292 regem
2791 1236 2923 1294 erga
2968 1239 3193 1294 puerum
3242 1224 3297 1279 in
3341 1225 3478 1281 iram
3515 1241 3761 1298 exaspe-

2159 1307 2315 1363 rabat
2343 1308 2397 1362 in
2418 1308 2502 1363 his
2532 1308 2714 1363 verbis
2744 1326 2757 1362 :
2808 1310 3058 1375 Domiue.
3097 1312 3287 1368 lenitas
3325 1321 3518 1370 vestrm
3559 1330 3760 1371 mora-

2160 1396 2321 1452 litatis
2347 1397 2402 1453 in
2430 1398 2593 1453 vestri
2647 1397 2813 1453 tilium
2843 1400 3134 1456 consiliarii
3162 1402 3245 1456 cui
3287 1411 3441 1472 pater
3485 1402 3755 1460 inﬁnitam

2157 1495 2375 1565 reliquit
2400 1496 2704 1567 pecuniam,
2745 1513 2813 1552 ne
2855 1495 3031 1553 dicam
3078 1498 3254 1568 stulte,
3306 1500 3531 1556 nimium
3569 1501 3759 1557 mollis

2159 1584 2290 1651 fuit;
2321 1585 2486 1640 modo
2512 1601 2748 1656 namque
2765 1601 2864 1641 nec
2884 1602 2982 1642 vos
2999 1603 3099 1643 nec
3127 1588 3216 1643 ille
3237 1589 3518 1661 pecuniam
3541 1590 3759 1646 habetis

2159 1688 2320 1743 quam
2351 1673 2679 1729 inconsultus
2730 1674 3000 1746 superﬂue
3054 1675 3390 1748 dilapidavit.
3449 1679 3563 1735 Rex
3617 1694 3757 1734 vero

2160 1762 2354 1817 talibus
2382 1762 2437 1817 in
2466 1762 2599 1817 iram
2631 1770 2933 1819 commotus
2961 1778 3061 1836 pro
3088 1781 3256 1837 puero
3284 1767 3486 1839 legavit
3511 1768 3596 1823 cui
3624 1768 3762 1823 talia

2158 1859 2295 1914 dixit
2326 1875 2338 1913 :
2372 1860 2638 1930 [nsipiens
2666 1859 2741 1914 ﬁli
2769 1861 3043 1932 sapientis,
3077 1862 3219 1918 iners
3239 1862 3508 1920 artiﬁciosi
3531 1864 3766 1937 prodige

437 1924 614 2025 videte
637 1927 871 2025 penum
895 1927 1181 2025 molestum
1196 1928 1267 2025 _ei
1296 1927 1513 2025 facietis
1550 1935 1644 2025 αξη
1686 1928 2047 2025 inhaesit-{@-
2078 1938 2133 2000 B
2164 1948 2323 2018 largi,
2353 1955 2413 2003 ut
2439 1924 2568 2017 quid
2596 1924 3130 2022 divitias-sapienter
3173 1924 3621 2025 congregasset
3662 1924 3766 2008 diu

505 2014 813 2087 Discipulus
838 2017 1099 2089 magistro
1132 2033 1145 2069 :
1187 2016 1324 2074 Cum
1353 2017 1553 2073 celeria
1582 2017 1683 2072 ista
1709 2023 1834 2072 sunt
1871 2015 2054 2083 exilia,

437 2119 535 2159 cur
559 2121 927 2177 prmparamus
958 2113 1105 2161 tanta
1152 2107 1305 2177 quasi
1363 2106 1642 2162 durabilis
1670 2107 1699 2159 ‘?
1754 2105 2050 2178 Magister:

441 2201 710 2270 Quoniam
741 2201 867 2260 vitae
913 2204 1173 2259 terminus
1216 2211 1299 2258 est
1342 2204 1594 2259 incertus.
1654 2202 2051 2273 Philosophus:

441 2288 680 2361 Operare
700 2306 799 2363 pro
829 2292 1009 2347 futuro
1037 2292 1236 2347 saeculo
1266 2293 1418 2363 quasi
1446 2308 1590 2348 nunc
1630 2292 1707 2346 sis
1742 2292 2056 2356 moriturus,

443 2387 495 2433 et
524 2394 622 2450 pro
648 2381 901 2449 praesenti
930 2381 1069 2437 sicut
1097 2397 1313 2452 semper
1356 2381 1636 2447 victurus;
1679 2379 1874 2435 melius
1910 2380 2056 2435 enim

442 2485 522 2531 est
546 2476 691 2547 quod
718 2485 844 2549 post
880 2485 1026 2533 tuam
1056 2485 1289 2533 mortem
1337 2494 1371 2533 a
1427 2486 1478 2532 te
1539 2477 1770 2548 quesita
1824 2476 2059 2538 habeant

440 2564 669 2634 inimici,
698 2582 862 2637 quam
894 2566 950 2621 in
996 2566 1109 2621 vita
1161 2582 1327 2638 egeas
1378 2565 1525 2637 quod
1586 2566 1682 2621 tibi
1736 2565 2058 2623 subveniunt

442 2652 669 2708 inimici.
710 2652 798 2710 Ob
828 2655 942 2709 haec
971 2654 1152 2724 itaque
1192 2670 1314 2709 cum
1370 2655 1663 2710 honestate
1720 2654 1815 2710 tibi
1870 2654 2055 2711 omnia

444 2750 690 2820 provide,
723 2749 851 2820 quia
877 2750 1059 2805 brevis
1083 2757 1164 2806 est
1189 2766 1374 2806 cursus
1397 2750 1543 2805 vitae.
1566 2750 1717 2805 Alius
1744 2766 1757 2802 :
1781 2748 2051 2806 Seculum

447 2847 531 2893 est
556 2839 709 2909 quasi
735 2839 860 2895 fons
904 2839 1169 2895 instabilis
1221 2839 1375 2909 cujus
1424 2839 1674 2895 introitus
1736 2846 1819 2895 est
1866 2838 2055 2895 matris

438 2936 637 2995 uterus,
664 2936 719 2983 et
744 2928 987 2999 ejusdem
1016 2944 1163 2985 mors
1189 2928 1292 2984 erit
1318 2928 1512 2985 exitus.
1547 2927 1888 2985 Versiﬁcator
1921 2948 1933 2983 :

510 3026 651 3083 lor:
679 3029 765 3082 est
793 3030 963 3099 porta
986 3031 1192 3100 patens
1224 3027 1475 3084 terreni:
1514 3029 1708 3100 pervia
1734 3027 1980 3093 cunctis,

615 3114 723 3171 Sed
751 3130 941 3188 quaero
968 3119 1098 3187 post
1130 3116 1281 3172 hanc
1312 3132 1437 3189 qua
1458 3118 1539 3172 sit
1555 3115 1811 3172 habenda
1830 3114 2051 3171 domus.

454 3211 546 3267 Est
571 3210 767 3268 domus
793 3212 1100 3268 delitiarum
1130 3214 1246 3269 Deo
1296 3212 1699 3281 famulandum,
1729 3220 1813 3267 est
1865 3220 1919 3267 et
1972 3210 2056 3265 di-

2163 2037 2232 2093 ad
2263 2038 2589 2092 servandum
2616 2038 2933 2094 commissas
2959 2039 3154 2095 dedisti
3184 2040 3439 2111 perniciei
3466 2043 3495 2097 ?
3517 2042 3597 2097 Ad
3644 2044 3767 2099 hac

2161 2150 2294 2208 puer
2319 2135 2439 2191 visu
2462 2135 2518 2190 in
2548 2143 2742 2190 terram
2767 2133 2968 2201 deﬁxo,
3001 2135 3260 2209 principis
3315 2138 3461 2194 enim
3502 2139 3765 2194 vultuosi-

2159 2233 2323 2280 tatem
2350 2232 2535 2296 utpote
2564 2225 2730 2280 torvis
2774 2224 3163 2281 inﬂammatam
3206 2226 3497 2283 luminibus
3540 2227 3768 2283 vereba-

2160 2322 2244 2369 tur
2272 2332 2284 2368 :
2319 2314 2569 2379 Domine,
2601 2314 2648 2368 si
2677 2330 2812 2385 pace
2841 2322 3019 2370 vestra
3048 2315 3171 2371 licet
3201 2315 3380 2372 dicere
3412 2331 3521 2372 non
3547 2325 3605 2371 ut
3624 2317 3764 2387 qni-

2165 2412 2391 2468 busdam
2422 2412 2636 2469 videtur
2662 2413 2856 2468 stultus
2883 2420 3037 2483 patre
3066 2414 3310 2485 sapiente
3338 2414 3495 2470 vobis
3521 2430 3638 2469 sum
3665 2431 3763 2469 re-

2161 2502 2337 2566 lictus,
2366 2509 2521 2573 pater
2556 2501 2755 2557 etenim
2812 2517 2966 2557 meus
3025 2503 3331 2557 thesaurum
3385 2503 3758 2575 congregavit,

2162 2597 2553 2662 congregatum
2583 2589 2727 2645 unde
2758 2589 2905 2645 fures
2934 2605 3127 2662 rapere
3154 2591 3361 2662 possint
3398 2591 3681 2648 collocavit
3706 2599 3763 2645 et

2157 2689 2290 2743 mihi
2319 2688 2407 2744 cui
2436 2688 2661 2760 possetis
2687 2687 2900 2743 auferre
2924 2688 3010 2743 vel
3060 2689 3204 2760 ignis
3250 2689 3587 2757 comburam,
3642 2688 3761 2744 sive

2158 2777 2352 2848 aliquis
2377 2792 2533 2832 casus
2558 2776 2767 2846 eripere
2794 2776 3027 2847 reliquit.
3052 2777 3183 2849 Ego
3210 2792 3340 2833 vero
3379 2776 3631 2833 eumdem
3681 2776 3760 2832 ibi

2157 2865 2418 2921 collocavi
2448 2865 2542 2920 ubi
2573 2863 2805 2920 ﬁdeliter
2831 2865 2934 2920 sibi
2982 2865 3284 2921 servabitur
3331 2874 3386 2921 et
3430 2864 3589 2923 mihi.
3642 2865 3758 2920 lex

2158 2962 2338 3010 autem
2365 2953 2495 3024 quid
2528 2953 2652 3007 inde
2683 2954 2895 3008 fecisset
2922 2956 3153 3026 rogavit.
3186 2955 3325 3010 Puer
3366 2969 3496 3010 vero
3537 2951 3667 3024 quid
3703 2962 3759 3008 et

2157 3051 2386 3122 qualiter
2413 3050 2613 3106 fecerat
2639 3051 2921 3106 retaxavit.
2958 3052 3250 3124 Comperta
3277 3052 3511 3123 denique
3566 3050 3758 3121 peritia

2151 3140 2375 3212 juvenis
2398 3147 2798 3196 remuneratum
2829 3141 2977 3213 prius
3005 3156 3130 3196 eum
3160 3140 3609 3199 circunstantibns
3635 3140 3756 3195 lau-

2157 3229 2325 3293 davit,
2359 3229 2526 3300 patris
2553 3229 2829 3286 servitium
2884 3230 3335 3302 recompensavit.
3380 3229 3485 3299 Qui
3530 3244 3599 3284 ex
3634 3227 3758 3284 inde

438 3325 592 3367 versa
620 3325 809 3383 pinnas
858 3310 1308 3381 promerentium.
1343 3309 1514 3366 Arabs
1569 3310 1639 3366 ad
1670 3311 1882 3365 Patrem
1917 3327 1930 3364 :
1964 3308 2056 3362 Pa-

2165 3294 2417 3374 lucrando
2447 3333 2619 3373 novas
2645 3325 2700 3372 et
2728 3317 2968 3387 majores
3010 3294 3279 3390 prioribus
3312 3294 3526 3374 divitias
3568 3317 3759 3388 acqui-

439 3407 536 3466 ter,
566 3398 841 3470 quomodo
887 3398 1113 3455 domum
1170 3398 1481 3455 delitiarum
1545 3407 1600 3455 et
1651 3398 1884 3471 gloriam
1935 3396 2054 3467 ejus

438 3496 629 3553 lucrari
659 3503 848 3568 potero
878 3498 907 3550 ‘?
939 3498 1115 3552 Pater.
1146 3494 1433 3567 Quicquid
1472 3496 1666 3551 melius
1691 3503 1747 3551 et
1772 3494 2056 3567 pretiosius

436 3593 606 3650 habes
630 3608 832 3666 repone
861 3594 917 3648 in
945 3609 1010 3649 ea
1064 3592 1307 3648 custodie
1319 3592 1484 3647 ndum
1515 3599 1568 3646 et
1627 3590 1893 3657 invenies,
1925 3606 2052 3645 cum

436 3682 565 3739 illuc
583 3682 813 3749 veneris,
844 3682 939 3737 tibi
971 3690 1236 3753 paratum.
1272 3680 1470 3736 Pilius:
1504 3678 1794 3749 Quomodo
1835 3693 2054 3751 possum

441 3780 497 3835 in
525 3796 649 3835 eam
676 3780 899 3835 domum
930 3779 1213 3851 pecuniam
1261 3778 1588 3850 praemittere
1642 3777 1798 3847 cujus
1854 3776 2052 3832 ostium

444 3885 552 3926 non
583 3868 709 3924 novi
739 3868 891 3924 adire
917 3869 948 3921 9
977 3868 1162 3923 Pater:
1186 3867 1322 3923 Audi
1345 3866 1490 3937 quod
1554 3866 1685 3920 fecit
1722 3864 1866 3919 ﬁlius
1916 3880 2056 3919 con-

444 3958 629 4013 siliarii
655 3958 800 4027 regis
825 3963 949 4027 post
973 3955 1183 4012 obitum
1208 3956 1395 4028 patris,
1421 3954 1621 4011 Filius:
1679 3954 1854 4019 Pater,
1915 3953 2053 4022 fare,

443 4063 544 4103 nee
570 4045 963 4117 subterﬁigiam
998 4044 1222 4101 monitis
1261 4044 1514 4099 obedire.
1555 4043 1729 4099 Pater.

969 4183 1240 4244 FABULA
1276 4185 1510 4243 XXVII.

516 4320 635 4376 Rex
661 4318 882 4390 quidam
911 4318 1099 4375 habuit
1126 4318 1426 4390 sapientem
1454 4317 1823 4375 consiliarium
1863 4324 1917 4371 et
1969 4317 2060 4372 fa-

449 4409 717 4465 miliamm
749 4407 840 4478 qui
872 4407 1088 4463 tandem
1118 4415 1326 4463 nature
1354 4407 1403 4462 le
1415 4405 1583 4480 gibus
1611 4407 1802 4463 favens
1834 4419 2063 4476 parvum

447 4495 665 4567 reliquit
710 4495 981 4552 heredem
1028 4496 1169 4550 bene
1235 4496 1643 4568 disciplinatum
1691 4501 1745 4550 et
1788 4494 2072 4561 curialem,

448 4586 536 4641 cui
563 4591 751 4653 totam,
783 4599 905 4655 qua
934 4598 1138 4657 magna
1177 4591 1311 4653 erat,
1344 4583 1741 4656 possessionem
1770 4591 1825 4639 et
1848 4582 2073 4637 divitia-

448 4701 573 4742 rum
616 4649 849 4745 acervds'
892 4649 1211 4756 subscripsit
1244 4649 1306 4739 et:
1342 4649 1504 4740 morti
1543 4684 1721 4739 cessit.
1771 4680 1893 4752 Quo
1926 4681 2070 4737 facto
2096 4649 2152 4712 Β

456 4790 554 4832 rex
584 4774 657 4830 ad
683 4789 742 4829 se
778 4788 1009 4846 puerum
1036 4772 1273 4852 vocavit,
1302 4781 1358 4829 et
1410 4773 1479 4827 de
1534 4772 1702 4843 patris
1752 4786 1946 4827 occasu
2004 4785 2074 4824 ne

451 4864 583 4935 plus
607 4862 758 4933 justo
784 4862 997 4920 doleret
1025 4861 1346 4929 ammonuit,
1368 4869 1424 4916 et
1436 4874 1793 4931 quacumque
1812 4867 1967 4931 pater
1982 4858 2060 4914 illi

452 4951 696 5026 regenda
721 4951 948 5009 dederat
976 4950 1287 5006 testimonio
1316 4948 1574 5019 ﬁrmavit,
1597 4957 1650 5004 et
1678 4949 1897 5020 insuper
1931 4947 2079 5017 quod

452 5048 612 5098 etate
639 5039 760 5110 ejus
786 5040 1043 5111 exigente
1062 5039 1119 5094 in
1155 5037 1327 5109 patris
1372 5038 1552 5093 locum
1610 5052 1736 5092 eum
1778 5035 2075 5105 susciperet

453 5130 531 5186 illi
561 5127 828 5201 promisit.
858 5126 995 5184 Inde
1024 5126 1146 5183 vale
1176 5126 1322 5181 dicto
1346 5124 1502 5183 laetus
1528 5125 1750 5196 juvenis
1765 5125 1836 5180 ad
1855 5124 2075 5197 propria

454 5216 736 5274 remeavit:
762 5231 925 5287 quem
954 5232 1052 5269 rex
1080 5212 1342 5271 oblivioni
1377 5213 1627 5280 tradidit,
1677 5229 1781 5269 nec
1828 5213 1945 5283 ipse
1998 5211 2070 5267 ad

456 5318 644 5376 regem
670 5320 917 5362 remeare
953 5305 1285 5375 properavit.
1344 5302 1536 5374 Longo
1602 5301 1861 5372 temporis
1896 5300 2067 5356 inte-

460 5394 603 5451 vallo
629 5393 685 5448 in
715 5391 907 5450 eadem
930 5391 1156 5465 regione
1186 5391 1242 5447 in
1271 5407 1381 5462 qua
1435 5406 1570 5463 puer
1624 5397 1738 5446 erat
1790 5396 2072 5461 coeperunt

463 5507 624 5563 egere
677 5490 816 5547 adeo
872 5489 1019 5561 quod
1065 5489 1327 5561 cyborum
1389 5488 1572 5544 inedia
1642 5487 2070 5560 periclitarentur

466 5579 630 5635 fame.
661 5577 784 5649 Quo
812 5577 1004 5634 videns
1029 5592 1167 5647 puer
1193 5576 1356 5633 bona:
1401 5576 1602 5633 indolis
1644 5577 1829 5631 animo
1866 5575 2068 5633 condo-

465 5666 582 5733 luit,
615 5664 913 5723 condolens
940 5667 1135 5722 horrea
1162 5664 1404 5737 deplevit
1432 5672 1486 5720 et
1514 5663 1842 5736 pauperibus
1880 5663 2066 5719 distri-

463 5751 599 5821 buit,
629 5762 685 5811 et
710 5753 779 5811 de
808 5770 951 5826 penu
978 5753 1166 5809 vinum
1193 5753 1428 5808 extraxit
1444 5761 1502 5808 et
1526 5769 1715 5809 carnes
1741 5768 1875 5823 quas
1893 5768 2066 5826 egen-

464 5840 606 5895 tibus
634 5842 899 5915 erogavit.
933 5842 1220 5896 Crescente
1250 5842 1495 5911 penuria,
1545 5841 1861 5899 decrescens
1897 5857 2066 5912 pecu-

467 5929 555 5984 nia
573 5928 941 6005 indigentibus
970 5942 1080 5984 non
1112 5925 1342 5984 suﬁ‘ecit.
1364 5928 1557 5985 Postea
1583 5928 1711 5985 dato
1740 5940 2068 6000 proannona

2160 3406 2303 3461 sivit.
2335 3406 2449 3462 Hoc
2470 3406 2637 3463 modo
2665 3406 2809 3477 quod
2857 3407 3122 3479 pretiosus
3162 3406 3352 3462 habuit
3399 3405 3541 3462 ﬁlius
3592 3406 3764 3462 consi-

2161 3505 2300 3561 liarii
2326 3504 2492 3576 regis,
2523 3505 2581 3559 in
2608 3504 2774 3561 domo
2826 3505 3132 3561 delitiarum
3192 3505 3583 3561 thesaurisavit.
3646 3507 3760 3559 Au-

2162 3592 2292 3648 ditie
2318 3594 2658 3650 sermonibus
2705 3594 2873 3663 patris
2923 3592 3067 3649 ﬁlius
3116 3594 3334 3665 inquit:
3389 3593 3611 3651 Iuvenis
3663 3593 3760 3646 iste

2161 3682 2436 3754 sapienter
2460 3682 2575 3753 egit
2599 3690 2652 3737 et
2681 3697 2899 3754 magna
2927 3683 3164 3754 speciem
3198 3682 3455 3738 bonitatis
3492 3681 3548 3737 in
3592 3697 3651 3736 se
3686 3680 3761 3735 fu-

2120 3812 2125 3817 .
2163 3778 2340 3825 turum
2369 3771 2645 3836 indicavit,
2677 3779 2732 3826 et
2762 3771 2892 3826 fecit
2918 3771 3056 3826 sicut
3090 3770 3446 3842 philosophus
3472 3769 3585 3826 ﬁlio
3622 3785 3757 3839 prle-

2164 3870 2308 3939 cepit
2331 3868 2517 3925 dicens
2548 3869 2707 3937 :Fiti,
2741 3869 2915 3924 vende
2945 3872 3049 3925 hoc
3066 3870 3322 3926 malum
3348 3884 3445 3941 pro
3476 3868 3653 3923 futuro
3705 3877 3756 3922 et

2164 3965 2449 4028 utrumque
2478 3958 2791 4021 lucrabcris,
2823 3958 2968 4028 quod
2998 3958 3071 4013 ita
3098 3957 3380 4029 contingit.
3411 3957 3560 4013 Alius
3592 3956 3755 4013 ﬁlium

2163 4048 2441 4120 corrigens
2465 4047 2605 4102 dixit
2634 4067 2649 4103 :
2681 4047 2801 4115 Fili,
2837 4062 2935 4118 pro
2964 4046 3143 4103 futuro
3171 4047 3369 4103 saeculo
3399 4061 3643 4115 operare,
3673 4060 3756 4101 an-

2164 4144 2383 4206 tequam
2412 4151 2559 4192 more
2584 4144 2638 4191 te
2663 4144 2917 4207 segreget
2945 4135 3015 4191 ab
3045 4150 3212 4207 opere
3236 4134 3525 4206 corporali.
3567 4134 3713 4190 Alius
3737 4152 3750 4190 :

2168 4234 2305 4290 Vide
2331 4248 2399 4288 ne
2428 4231 2691 4304 dicipiant
2718 4240 2769 4288 te
2801 4233 3085 4288 saeculares
3148 4231 3370 4296 delitiie,
3429 4239 3483 4286 et
3527 4230 3756 4287 irretitus

2168 4321 2399 4378 fallaciis
2426 4321 2778 4377 secularibus
2803 4322 2994 4377 mortis
3021 4329 3261 4376 venturae
3297 4320 3649 4388 obliviscaris,
3692 4334 3755 4374 ne

2169 4410 2266 4466 tibi
2293 4410 2575 4482 contingat
2602 4410 2739 4465 sicut
2786 4410 2980 4465 latroni
3023 4408 3248 4465 domum
3301 4408 3482 4464 divitis
3528 4407 3745 4464 ineunti.

2171 4500 2272 4555 Cui
2288 4498 2431 4554 ﬁlius
2461 4518 2475 4554 :
2510 4498 2647 4569 Ede,
2669 4507 2842 4570 pater,
2877 4498 3008 4569 quid
3036 4498 3252 4554 accidit.
3278 4498 3435 4553 Pater
3460 4516 3473 4552 :

2688 4640 2957 4697 FABULA
2993 4638 3248 4695 XXVIII.

2242 4764 2457 4821 Donum
2489 4763 2672 4820 divitis
2695 4765 2781 4820 fur
2811 4764 3051 4832 intravit,
3083 4772 3135 4819 et
3184 4762 3410 4819 diversis
3455 4777 3572 4819 eam
3618 4760 3779 4835 gazis

2170 4852 2389 4924 plenam
2420 4853 2651 4908 invenit.
2696 4853 2833 4909 Hinc
2886 4853 3219 4923 stupefactus
3274 4851 3340 4906 de
3396 4849 3618 4906 diversis
3676 4847 3754 4903 di-

2170 4958 2346 5010 versa,
2378 4941 2445 4995 de
2477 4942 2724 5013 pretiosis
2753 4941 3071 5013 pretiosiora
3117 4940 3319 5013 eligere
3363 4939 3621 4994 stuntendo
3663 4954 3755 4993 cu-

2172 5031 2331 5095 ravit,
2371 5038 2426 5085 et
2463 5030 2590 5101 quia
2627 5029 2758 5086 vilia
2796 5030 3109 5101 relinquens
3146 5029 3202 5084 in
3257 5027 3508 5101 eligendo
3562 5034 3757 5096 tempus

2173 5127 2507 5199 consumpsit
2552 5126 2724 5182 donec
2752 5126 2870 5181 dies
2916 5126 3144 5181 veniens
3200 5126 3328 5196 quid
3383 5125 3558 5180 facere
3613 5121 3758 5177 vellet

2172 5214 2394 5271 detexit.
2424 5215 2735 5285 Experrecti
2762 5216 2830 5270 de
2874 5213 3169 5285 improviso
3227 5213 3422 5285 vigiles
3474 5212 3660 5267 domus
3709 5212 3756 5265 in

2173 5303 2426 5376 eligendo
2459 5304 2633 5358 furem
2681 5304 3017 5376 repperiunt,
3071 5302 3308 5375 capiunt,
3370 5301 3495 5357 inde
3548 5300 3668 5356 loris
3711 5307 3759 5354 et

2174 5392 2402 5447 fustibus
2438 5408 2636 5447 caesum
2692 5392 2746 5447 in
2801 5408 2927 5464 yma
2980 5391 3209 5447 carceris
3305 5389 3606 5446 detrudunt.
3685 5387 3754 5443 Ad

2172 5481 2421 5536 ultimum
2452 5481 2577 5537 data
2605 5480 2743 5536 sicut
2765 5479 2883 5553 jam
2913 5480 2982 5535 de
3008 5480 3255 5535 confesso
3283 5478 3543 5535 sententia
3563 5492 3754 5533 amaras

2173 5577 2398 5634 audiens
2427 5577 2690 5650 hystorias
2728 5578 3016 5650 capitalem
3070 5576 3391 5633 sententiam
3438 5575 3618 5643 subiit,
3671 5575 3750 5645 qui

2173 5667 2218 5722 si
2247 5674 2355 5722 tam
2386 5682 2555 5739 prope
2580 5666 2725 5723 diem
2757 5674 3043 5723 venturum
3077 5666 3495 5738 praecogitasset,
3529 5679 3595 5719 ne
3636 5662 3750 5718 loris

2174 5763 2231 5810 et
2253 5755 2485 5811 fustibus
2513 5754 2831 5821 caederetur,
2864 5756 2952 5811 vel
2982 5753 3129 5825 quod
3185 5755 3407 5826 gravius
3452 5750 3639 5820 extitit,
3691 5768 3749 5807 ne

2173 5844 2352 5915 capite
2385 5844 2687 5915 privaretur
2712 5844 3075 5915 praecavisset.

2244 5932 2397 5988 Alius
2425 5931 2783 6004 philosophus
2811 5931 2953 5987 dixit
2984 5949 2996 5987 :
3030 5931 3201 6003 Hujus
3226 5931 3407 5989 aemili
3437 5927 3635 5984 divitiae
3649 5944 3734 5983 sun
