3966 6400
190 358 289 428 ῒοῧ

1433 358 1825 431 DISCIPLINA
1864 374 2266 431 CLERICALIS

180 493 501 553 summa:
546 494 697 552 sicut
751 495 989 553 timuistis
1038 496 1259 553 solum
1294 496 1631 565 deﬁnientis,
1682 496 1775 568 qui
1811 495 2603 568 Apottdt’amomliherm,
2636 498 2927 558 bodienec
2965 501 3289 572 ejnsjacuta
3312 504 3488 573 potuit

184 582 442 657 evigilans
486 600 834 656 quaecunque
878 585 1138 641 habuerat
1174 586 1231 640 in
1257 585 1549 657 aperiendo
1590 586 1775 642 oculos

200 673 675 745 rrecuperabiliter
707 673 905 747 perdit,
937 673 1073 730 sicut
1099 673 1263 747 vulgo
1292 673 1504 731 dicitur.

748 836 1010 925 ΡᾼΒρίιᾼ
1047 836 1251 897 xxxx.

248 968 428 1042 Opilio
457 968 694 1039 quidam
724 954 779 1025 in
829 967 1034 1025 somnis
1060 969 1210 1025 mille
1247 985 1378 1025 oves
1406 966 1614 1038 habuit,
1656 983 1791 1040 quas

197 1083 390 1139 magno
420 1066 655 1138 quidam
704 1065 930 1139 cupiens
980 1083 1160 1122 emere
1207 1073 1268 1122 ut
1301 1066 1476 1123 carius
1521 1065 1795 1133 venderet,

194 1156 325 1212 sicut
350 1154 653 1212 somnianti
693 1156 869 1210 visum
922 1155 1111 1224 fuerat,
1160 1172 1258 1227 pro
1300 1170 1622 1226 unaquaque
1664 1154 1802 1211 duos

195 1244 391 1300 solidos
417 1244 553 1301 dare
586 1244 832 1302 volebat.
866 1244 975 1299 Sed
1004 1243 1094 1315 qui
1142 1244 1411 1300 vendebat
1439 1260 1561 1300 cum
1590 1243 1801 1299 duobus

195 1342 375 1398 solidis
400 1342 696 1398 denarium
727 1342 797 1398 de
844 1358 1164 1413 unaquaque
1208 1342 1331 1412 plus
1370 1341 1644 1414 poscebat.
1690 1340 1803 1396 Illis

195 1432 261 1509 de
304 1430 480 1503 pretio
510 1430 988 1501 contendentibus,
1047 1432 1151 1486 hoc
1205 1430 1369 1485 modo
1410 1446 1629 1485 somnus
1665 1445 1799 1485 eva-

196 1520 344 1589 nuit;
377 1520 477 1575 sed
521 1518 802 1593 venditor,
857 1518 985 1576 dum
1042 1534 1163 1575 esse
1213 1512 1487 1575 somnium
1520 1519 1800 1591 comperit,

198 1625 301 1664 non
330 1606 539 1680 apertis
565 1605 743 1665 oculis
775 1608 1010 1664 clamare
1066 1608 1264 1680 cmpit:
1326 1608 1428 1662 Pro
1483 1623 1803 1679 unaquaque

193 1706 322 1762 mihi
381 1705 586 1778 viginti
637 1706 877 1777 quinque
931 1705 1184 1762 denarios
1226 1703 1418 1775 tribue,
1462 1712 1515 1759 et
1544 1712 1805 1776 quotquot

193 1812 313 1859 sunt
342 1811 526 1859 tecum
557 1803 761 1858 abduc.

1902 585 2164 641 devitarc.
2195 585 2380 642 Alius:
2427 587 2554 642 Heri
2601 588 2834 645 ducebat
2869 591 3151 662 exercitus,
3200 592 3362 648 hodie
3387 591 3485 648 du-

1903 683 2041 738 citur
2069 683 2139 739 ab
2169 683 2274 738 illis
2300 692 2353 740 et
2376 683 2533 739 datur
2557 687 2865 756 sepulturas.
2896 689 3044 744 Alius
3075 710 3087 745 :
3120 690 3247 746 Heri
3294 698 3491 747 terram

1902 770 2200 844 premebat,
2233 771 2394 828 hodie
2440 773 2631 830 eadem
2661 776 2920 847 premitur
2969 777 3103 850 ipse.
3134 778 3320 834 Alius:
3366 778 3494 834 Heri

1904 883 2026 925 eum
2056 876 2249 939 gentes
2298 868 2603 941 timebant,"
2638 871 2800 929 hodie
2848 890 2978 933 eum
3024 875 3187 930 vilem
3215 876 3492 949 deputant.

1905 956 2087 1014 Alius:
2116 956 2249 1013 lteri
2288 954 2473 1013 habuit
2505 958 2709 1015 amicos
2738 966 2793 1016 et
2829 962 3096 1031 inimicos,
3126 963 3286 1020 hodie
3334 964 3499 1021 habet

1906 1060 2095 1099 omnes
2113 1046 2367 1117 aequales.
2401 1046 2509 1101 Sed
2554 1047 2622 1101 de
2678 1049 2868 1121 viginti
2910 1049 3121 1106 duobus
3162 1052 3500 1125 philosophis

1907 1133 2373 1190 circumstantibus
2426 1135 2554 1205 quid
2602 1137 2827 1208 quisque
2858 1138 2926 1195 de
2951 1139 3322 1210 potentissimo
3367 1157 3497 1214 rege

1908 1226 2104 1283 dixerit
2132 1230 2410 1287 memoriae
2438 1230 2662 1305 longum
2691 1242 2770 1289 est
2798 1234 3072 1293 reducere.

1978 1320 2469 1402 Itermn'heremita
2498 1346 2848 1420 philosophus
2884 1350 2988 1406 hoc
3013 1349 3177 1407 modo
3204 1367 3357 1407 suam
3382 1367 3499 1409 cor-

1906 1432 2045 1488 rexit
2074 1432 2311 1488 animam
2336 1452 2348 1489 :
2382 1434 2576 1490 Anima
2603 1452 2746 1505 mea,
2776 1438 2914 1493 scias
2942 1445 2998 1492 et
3021 1453 3339 1512 cognoscas,
3368 1439 3497 1497 dum

1868 1528 1875 1537 '
1911 1521 2150 1591 potentia
2175 1529 2255 1577 est
2283 1521 2339 1577 in
2366 1537 2531 1579 mnu
2560 1530 2671 1591 tua,
2701 1524 2831 1595 quid
2859 1526 3099 1597 operaria
3121 1531 3411 1598 antequam
3428 1527 3501 1586 de

1907 1615 1999 1665 tuo
2030 1610 2300 1665 movearis
2326 1609 2446 1667 loco
2476 1610 2545 1666 ad
2590 1610 2812 1669 domum
2861 1613 2915 1669 in
2946 1631 3053 1685 qua
3091 1624 3271 1673 manet
3291 1614 3500 1687 justitia

1909 1703 1961 1752 et
1989 1696 2059 1752 ad
2083 1706 2296 1768 portam
2320 1698 2512 1768 judicii
2545 1700 2641 1755 ubi
2672 1701 2822 1775 leges
2850 1701 2905 1757 in
2933 1703 3108 1759 rotulo
3136 1704 3391 1777 quicquid
3413 1714 3502 1763 tua

1914 1810 2105 1849 manus
2132 1795 2246 1868 egit
2271 1794 2327 1850 in
2355 1797 2459 1851 hoc
2489 1798 2706 1867 saeculo,
2755 1799 2848 1854 ubi
2895 1800 3074 1873 angeli
3102 1818 3136 1856 a
3158 1800 3360 1858 dextris
3386 1809 3440 1859 et
3466 1819 3501 1858 a

257 1893 411 1947 Hunc
439 1907 577 1948 vero
610 1891 667 1946 in
717 1891 942 1951 modum
976 1890 1317 1959 ,u‘anseuntia
1362 1888 1555 1946 mundi
1599 1889 1809 1964 gaudia
1828 1868 1883 1931 Β
1916 1882 2146 1940 sinistris
2190 1884 2588 1956 discooperient
2624 1894 2678 1943 et
2716 1868 3099 1947 renuntiabunt
3132 1889 3413 1947 consilium
3445 1901 3499 1948 et

192 1987 456 2037 sectantes
494 1988 553 2035 et
587 1980 820 2035 diversis
872 1988 930 2035 ut
983 1979 1247 2036 retineant
1291 1978 1557 2035 inhiantes
1592 1977 1658 2033 de
1690 1978 1805 2033 im-

187 2079 404 2149 proviso
435 2078 672 2135 veniens
698 2077 816 2133 dies
847 2086 900 2133 et
925 2076 1050 2132 ﬁnis
1088 2077 1214 2133 vitae
1242 2075 1529 2146 intercipit,
1562 2083 1615 2132 et
1642 2092 1799 2147 quae-

189 2184 289 2238 que
316 2167 528 2239 cupita,
563 2166 736 2223 velint
764 2165 954 2233 nolint,
986 2164 1196 2222 adimit.
1236 2167 1372 2221 ltem
1398 2163 1566 2220 ﬁlius:
1615 2164 1803 2221 Mortis

191 2281 362 2321 nexus
393 2264 586 2336 aliquo
615 2264 784 2320 modo
830 2263 1019 2337 fugere
1061 2262 1406 2334 poterimus?
1453 2264 1644 2318 Pater:
1690 2263 1797 2318 lli-

197 2354 363 2423 nime,
415 2354 683 2425 quoniam
743 2352 886 2408 illius
939 2360 1020 2407 est
1069 2351 1379 2408 incurabilis
1432 2368 1659 2420 morsus,
1702 2367 1802 2408 nec

194 2442 419 2498 medicis
450 2442 664 2498 artibus
691 2440 810 2511 ejus
836 2456 1048 2496 amaras
1070 2439 1340 2513 fugiemus
1359 2455 1569 2495 manus.
1603 2439 1797 2495 Filius:

197 2530 484 2600 Quomodo
514 2546 672 2603 ergo,
696 2545 764 2585 ne
785 2528 948 2584 nimis
969 2528 1149 2595 laedat,
1171 2528 1550 2584 sustinebimus
1563 2528 1592 2581 ?
1614 2527 1797 2583 Pater:

199 2625 303 2683 Iac
329 2628 469 2682 sicut
497 2627 636 2683 dicit
662 2623 993 2682 versiﬁcator
1024 2643 1037 2679 :

342 2715 497 2788 Quod
522 2719 720 2788 vitare
741 2715 939 2788 nequis
967 2714 1259 2788 constanti
1284 2714 1506 2788 suscipe
1527 2716 1759 2788 mente:

405 2787 500 2844 Sic
530 2803 658 2859 qua
684 2784 839 2842 dura
848 2786 965 2858 fuit
981 2799 1132 2842 mors
1150 2785 1258 2841 tibi
1274 2784 1583 2841 mitis'ertt.

769 2926 1035 2985 FABULA
1071 2927 1252 2983 XXX.

267 3056 485 3120 Dictum
515 3070 595 3118 est
623 3061 692 3118 de
721 3060 955 3133 quodam
1006 3061 1327 3134 philosopho
1360 3059 1505 3131 quod
1533 3075 1630 3132 per
1665 3058 1801 3115 anti-

209 3165 365 3221 quum
393 3151 670 3209 transiens
725 3150 1047 3207 cimiterium
1091 3150 1347 3206 laminam
1395 3149 1530 3205 vidit
1554 3162 1798 3204 marmo-

1909 1971 2161 2042 quicquid
2195 1971 2354 2028 fuerit
2383 1990 2415 2029 a
2448 1982 2499 2028 te
2526 1973 2911 2047 excogitatum.
2944 1977 3089 2032 Ante
3120 1977 3292 2033 Deum
3320 1979 3500 2037 veniet

1908 2076 2057 2125 tuum
2081 2070 2380 2141 judicium;
2413 2088 2519 2127 una
2539 2072 2691 2129 lance
2712 2074 2966 2145 quicquid
2989 2076 3119 2132 boni
3139 2083 3192 2133 et
3219 2077 3327 2133 alia
3350 2078 3498 2149 quio-

1908 2157 2038 2228 quid
2064 2159 2191 2216 mali
2220 2159 2397 2232 egeris
2423 2176 2531 2216 uno
2562 2168 2615 2216 et
2643 2161 2835 2218 eodem
2849 2163 3209 2221 declarabitur
3224 2167 3494 2223 examine.

1908 2244 2111 2302 Omnes
2140 2246 2214 2303 tui
2243 2247 2433 2304 fratres
2459 2255 2514 2305 et
2541 2249 2701 2305 amici
2756 2266 2865 2306 non
2920 2252 3194 2309 invenient
3219 2262 3364 2310 tuam
3404 2271 3497 2311 re-

1908 2342 2275 2415 demptionem
2304 2353 2358 2400 et
2383 2351 2436 2401 te
2462 2344 2714 2403 deserunt
2739 2364 2803 2404 ac
2830 2348 3128 2405 dimittunt:
3180 2349 3341 2407 hodie
3386 2350 3495 2407 ita-

1909 2448 2012 2504 que
2039 2432 2466 2505 redemptionem
2492 2434 2676 2507 accipe
2732 2443 2787 2492 et
2836 2437 3039 2493 bonum
3069 2439 3155 2494 fac
3185 2438 3395 2496 assidue
3442 2448 3497 2497 et

1908 2526 2198 2592 antequam
2244 2521 2427 2578 veniat
2481 2521 2598 2578 dies
2643 2523 3073 2581 submonitorum
3102 2526 3171 2581 ad
3199 2527 3373 2583 Deum
3402 2544 3496 2584 re-

1908 2616 2135 2676 vertere,
2168 2618 2221 2665 et
2245 2625 2356 2666 non
2383 2609 2552 2679 dicas,
2580 2627 2701 2667 cras
2724 2621 2965 2670 revertar
2990 2622 3045 2671 et
3070 2630 3181 2670 non
3221 2616 3494 2685 morabor,

1909 2705 2037 2775 quia
2061 2705 2140 2761 sic
2162 2706 2542 2763 crastinantem
2570 2714 2625 2764 te
2652 2707 2912 2782 impediet
2950 2711 3381 2785 concupiscentia
3410 2712 3498 2771 vel

1910 2793 2091 2849 forsan
2118 2792 2379 2851 detinebit
2405 2795 2520 2851 dies
2544 2803 2787 2854 extrema
2818 2817 2831 2853 :
2864 2797 3046 2871 itaque
3080 2800 3290 2857 dictum
3316 2804 3503 2866 saeculi

1907 2889 2250 2946 reminiscere
2276 2891 2685 2964 generationum
2726 2908 2989 2951 annorum
3036 2895 3376 2967 antiquorum
3406 2899 3499 2970 qui

1908 2994 2098 3034 omnes
2134 2979 2474 3036 transierunt.
2537 2980 2669 3036 Inde
2714 2983 2901 3056 accipe
2941 2999 3157 3040 sensum
3190 3004 3203 3040 :
3248 2985 3343 3041 ubi
3378 2994 3504 3044 sunt

1907 3082 2084 3139 reges,
2115 3066 2208 3122 ubi
2236 3067 2527 3140 principes,
2576 3069 2670 3125 ubi
2724 3069 2917 3126 divites
2946 3071 3036 3142 qui
3067 3074 3345 3129 thesauros
3374 3077 3497 3131 the--~

1909 3155 2309 3211 saurisaverunt
2354 3163 2408 3213 et
2463 3155 2588 3212 inde
2644 3159 2861 3230 superbi
2915 3160 3170 3216 fuerunt?
3193 3162 3353 3219 Modo
3378 3172 3504 3223 sunt

204 3256 345 3296 ream
694 3239 891 3329 mortui
939 3238 1209 3329 cineribus
1248 3232 1798 3329 _si1perposilam._§ed
1831 3231 1882 3296 C
1913 3252 2047 3308 sicut
2074 3252 2164 3324 qui
2193 3267 2301 3308 non
2332 3251 2545 3309 fuerunt
2567 3269 2580 3323 ;
2602 3254 2767 3312 modo
2795 3261 2917 3311 sunt
2943 3256 3075 3312 ﬁniti
3102 3257 3238 3314 sicut
3264 3258 3355 3329 qui
3392 3276 3503 3317 non

205 3328 256 3383 in
282 3346 346 3385 ea
369 3342 565 3387 versus
591 3327 832 3400 inscripti
887 3328 1056 3384 verba
1110 3327 1307 3401 sepulti
1354 3325 1801 3399 praetereuntibus

207 3425 476 3497 loquentis
502 3424 881 3497 exprimebant
912 3426 1017 3481 hoc
1044 3423 1209 3479 modo
1236 3443 1249 3478 :

385 3557 649 3639 Tupropf
669 3555 765 3639 qui
781 3552 1132 3639 transﬁgi“
1150 3552 1290 3609 dicis
1304 3554 1487 3639 aucto,
1500 3549 1728 3639 resiste;

508 3622 703 3681 uribui
716 3625 778 3680 in
799 3623 981 3682 cordis
995 3625 1113 3680 hac
1128 3640 1256 3680 mea
1277 3622 1444 3678 verba
1465 3626 1595 3678 tene
1606 3661 1621 3674 .

389 3698 533 3769 Sum
544 3696 840 3769 Maris,
852 3695 1001 3769 quod
1018 3710 1077 3751 es
1091 3696 1211 3769 ipse
1228 3694 1339 3764 fui,
1357 3693 1576 3769 derisor
1583 3706 1803 3748 amara:

462 3764 653 3824 Hortis
662 3766 801 3822 dum
822 3764 1008 3832 licuit,
1026 3764 1166 3838 pace
1172 3766 1417 3837 iuuante
1428 3764 1552 3835 frui
1567 3782 1587 3829 ,-

385 3838 499 3895 διά
513 3838 716 3894 mica
722 3840 777 3910 te
793 3851 930 3910 nece
937 3832 1235 3910 postquam
1243 3850 1373 3892 sum
1386 3832 1583 3910 raptas
1598 3832 1799 3889 amicis

460 3910 644 3980 Atque
663 3908 803 3980 meis
811 3902 1475 3980 [ατηὴιὶεεόνὺφρανσηιε
1496 3902 1693 3980 domus

382 3978 470 4036 le
482 3976 749 4050 contexit
763 3976 932 4033 hamo
946 3976 1367 4050 deploravitqae
1376 3976 1690 4050 iacentem,

460 4049 633 4122 Inque
644 4064 799 4122 meo:
811 4044 1031 4105 cinerei
1045 4048 1256 4122 ultima
1434 4045 1612 4109 dedit,

384 4121 525 4178 Inde
537 4117 658 4176 'msi
676 4120 871 4175 vultus
890 4119 1137 4177 corradit
1154 4122 1312 4173 terra
1335 4117 1603 4178 nitorem.

462 4191 700 4261 Quaque
715 4191 831 4261 fuit
840 4192 1040 4260 forma
1054 4189 1236 4261 gloria
1249 4203 1460 4259 magna
1480 4185 1657 4261 cadit,

387 4256 577 4334 Meque
590 4256 769 4333 fuisse
786 4256 974 4334 pirum
988 4256 1231 4334 nequeas
1241 4256 1563 4334 agnoscere,
1582 4256 1631 4312 si
1638 4258 1768 4328 jam

463 4330 544 4388 Ad
562 4330 749 4388 nisum
763 4333 927 4402 fuero
941 4330 1089 4401 forte?
1101 4333 1350 4386 retecta:
1369 4330 1559 4385 hamo.

390 4406 537 4474 Ergo
550 4404 731 4460 Deam
739 4417 840 4474 pro
856 4416 947 4457 me
960 4415 1092 4474 eam
1107 4402 1458 4474 paramth
1469 4414 1726 4474 precare,

587 4470 752 4529 tinus
760 4476 980 4528 eterna
993 4470 1088 4527 det
1102 4470 1248 4527 mihi
1264 4486 1402 4543 pace
1416 4471 1559 4543 frui,

1909 3339 2193 3410 vixerunt;
2217 3338 2381 3397 modo
2399 3348 2523 3398 sunt
2549 3342 2685 3399 sicut
2712 3343 2900 3400 folium
2931 3344 3076 3415 quod
3122 3345 3317 3403 arbore
3343 3346 3498 3406 deci-

1911 3428 1989 3484 dit
2016 3444 2126 3501 quo
2151 3428 2373 3485 ulterius
2398 3444 2508 3487 non
2535 3430 2691 3487 redit.
2722 3432 2844 3488 Non
2887 3432 3097 3503 timeas,
3134 3435 3315 3491 anima
3352 3452 3476 3494 mea

1912 3540 2023 3581 non
2053 3525 2278 3596 timeas;
2310 3527 2473 3583 nimis
2498 3527 2566 3583 de
2590 3529 2770 3586 saculi
2791 3529 3202 3587 adversitatibus
3230 3548 3340 3588 non
3364 3501 3499 3590 cria1

1910 3621 1997 3670 tur
2029 3614 2190 3671 timor
2219 3618 2357 3672 tuus.
2389 3615 2544 3674 Time
2592 3617 2665 3673 tui
2704 3616 2848 3673 diem
2890 3617 3102 3689 judicii,
3146 3635 3348 3691 paveas
3374 3630 3500 3679 tuo-

1909 3718 2029 3759 rum
2056 3703 2452 3760 multitudinem
2500 3713 2874 3778 peccatorum;
2916 3715 3188 3765 memento
3217 3710 3291 3765 tui
3333 3711 3500 3768 Crea-

1915 3800 2043 3856 toris
2069 3801 2160 3871 qui
2189 3806 2309 3856 tuus
2328 3810 2407 3857 est
2427 3801 2600 3872 judex
2630 3811 2682 3860 et
2711 3803 2875 3861 testis.

1983 3913 2133 3970 Alius
2172 3914 2433 3973 neremita
2476 3932 2575 3988 per
2613 3917 2763 3976 vicos
2803 3917 3108 3977 clamabat:
3161 3922 3242 3978 Ne
3284 3922 3502 3980 tradetis

1911 4002 2171 4059 oblivioni
2201 4003 2467 4062 durabilia
2499 4022 2600 4075 pro
2636 4004 2898 4064 habituris
2934 4005 3116 4067 ﬁnem.
3144 4009 3325 4067 Alius:
3358 4010 3499 4069 Dili-

1910 4098 2021 4171 gite
2067 4098 2276 4154 animas
2320 4108 2525 4156 vestras
2578 4109 2836 4173 quantum
2879 4111 2931 4160 et
2975 4121 3223 4177 corpora,
3255 4114 3310 4162 et
3332 4108 3503 4178 perﬁ-

1911 4186 2081 4244 cietis.
2109 4186 2292 4243 Alius:
2324 4188 2503 4245 Nolite
2541 4189 2789 4248 oblivisci
2837 4192 2983 4263 quod
3027 4210 3136 4250 non
3173 4195 3507 4254 obliviscitur

1910 4274 2077 4331 nostri
2103 4282 2157 4330 et
2181 4275 2375 4333 servits
2402 4276 2771 4349 gubernatori.
2830 4280 3014 4338 Alius:
3065 4280 3278 4341 Timete
3306 4284 3501 4342 Domi-

1912 4380 2062 4433 num,
2093 4363 2220 4435 quia
2248 4364 2411 4420 timor
2436 4365 2656 4422 Domini
2695 4375 2774 4423 est
2801 4369 2968 4425 clavis
3008 4370 3077 4427 ad
3104 4387 3267 4429 omne
3295 4373 3499 4431 bonum

1913 4468 1968 4517 et
1993 4459 2062 4516 ad
2090 4459 2495 4532 percipiendam
2521 4462 2751 4536 gloriam
2779 4465 3123 4523 conductum.
3157 4469 3236 4525 De
3263 4487 3370 4541 quo
3398 4472 3507 4528 Sa-

388 4545 461 4600 Et
805 4546 1199 4640 2222:2314:
1204 4540 1601 4640 ﬁdmpor‘tgtid
1618 4557 1802 4599 unum
1829 4578 1882 4640 D
1914 4549 2128 4640 lomon:
2161 4549 2493 4640 Deumtime
2524 4552 2665 4622 (27).
2702 4552 2784 4608 Ad
2812 4564 3005 4612 cuncta
3032 4572 3151 4627 qua:
3179 4540 3312 4614 ﬁunt
3338 4560 3507 4617 addu-

529 4618 553 4671 ι
573 4611 794 4671 mecum
803 4611 1043 4669 maneat
1056 4613 1122 4667 in
1137 4611 1363 4685 regione
1378 4611 1515 4685 poli.

221 4737 448 4796 Relectis
494 4737 687 4793 iterum
742 4745 796 4792 et
837 4737 1029 4793 iterum
1085 4733 1328 4791 versibus
1355 4733 1487 4803 istis,
1527 4733 1805 4792 saeculari-

221 4826 316 4883 bus
340 4826 673 4899 postpositis,
704 4826 875 4882 {acuis
903 4831 983 4881 est
1009 4823 1234 4879 eremita
1259 4822 1633 4895 philosophus.

287 4918 486 4972 lterum
532 4914 603 4971 de
646 4913 952 4971 Alexandro
999 4911 1201 4968 dictum
1248 4920 1326 4967 est
1364 4910 1509 4982 quod
1535 4912 1809 4983 sepultura

221 5015 335 5086 ejus
362 5014 503 5072 foret
527 5029 692 5071 aurea
718 5021 771 5069 et
797 5012 851 5069 in
880 5012 1067 5085 pervio
1096 5010 1347 5068 omnibus
1374 5008 1509 5066 atrio
1537 5008 1712 5082 posita
1738 5009 1807 5065 ad

222 5120 378 5175 quem
433 5102 653 5176 plurimi
708 5108 1075 5159 convenerunt
1128 5098 1435 5172 philosophi
1491 5097 1561 5154 de
1614 5097 1809 5170 quibus

220 5210 355 5250 unus
381 5193 491 5248 ait:
525 5190 829 5249 Alexander
855 5189 924 5245 de
954 5204 1085 5247 auro
1131 5187 1261 5246 fecit
1292 5190 1619 5253 thesaurum,
1668 5202 1809 5243 nunc

220 5299 250 5338 e
274 5296 536 5339 converso
591 5296 781 5336 aurum
837 5278 904 5333 de
961 5293 1025 5333 eo
1076 5276 1203 5334 facit
1256 5278 1583 5334 thesaurum.
1613 5274 1801 5343 Alius:

218 5370 340 5426 ﬁeri
370 5377 512 5425 totus
542 5368 591 5424 ei
618 5383 731 5424 non
759 5362 1057 5421 sufficiebat
1102 5365 1351 5434 mundus,
1391 5362 1551 5419 hodie
1581 5370 1809 5434 quatuor

219 5466 343 5523 sola:
370 5463 637 5522 suﬁiciunt
655 5463 706 5520 ei
735 5462 916 5531 ulnas;
947 5459 1063 5517 heri
1090 5459 1294 5534 populo
1321 5458 1626 5530 imperavit,
1646 5454 1808 5514 hodie

219 5554 446 5629 populus
473 5552 706 5625 imperat
761 5550 860 5606 illi.
908 5550 1093 5606 Alius:
1154 5549 1280 5605 Heri
1335 5548 1532 5604 multos
1579 5543 1810 5619 populos

1912 4645 1998 4693 cet
2024 4637 2169 4693 Deus
2189 4635 2453 4708 judicium
2483 4654 2581 4710 pro
2609 4640 2756 4694 omni
2787 4648 2984 4710 errato,
3008 4643 3123 4699 sive
3141 4641 3346 4700 bonum
3388 4647 3504 4704 sive

1914 4726 2117 4781 malum
2144 4725 2231 4780 sit.
2262 4724 2348 4781 0b
2376 4727 2480 4782 hoc
2508 4726 2672 4801 igitur
2692 4729 3010 4784 immensam
3042 4730 3140 4786 Dei
3168 4733 3507 4807 omnipoten-

1917 4815 2044 4871 tiam
2072 4812 2343 4887 supplices
2398 4830 2684 4872 exoramus
2731 4817 2980 4889 quatinus
3026 4820 3214 4875 vestris
3249 4823 3505 4894 operibus

1914 4903 2071 4959 bonis
2125 4902 2552 4976 precedentibus
2595 4912 2720 4975 post
2770 4905 2992 4962 districti
3046 4907 3191 4963 diem
3231 4907 3424 4979 judicii
3471 4930 3505 4970 a

1915 4997 2116 5056 dextris
2144 4998 2262 5057 Filii
2291 4998 2410 5070 ejus
2445 5000 2695 5057 collocari
2726 5010 2779 5058 et
2805 5008 3007 5060 eterna
3032 5004 3216 5075 requie
3248 5021 3368 5062 cum
3396 5010 3506 5066 suis

1914 5084 2162 5144 ﬁdelibus
2216 5104 2523 5146 mereamur
2577 5088 2779 5161 perfrui
2822 5089 2876 5145 in
2922 5092 3046 5148 aula
3090 5093 3317 5164 cmlesti,
3356 5112 3504 5168 pres

1914 5176 2084 5231 stante
2112 5177 2345 5233 Domino
2376 5185 2555 5234 nostro
2599 5177 2725 5235 Jesu
2761 5179 2969 5236 Christo
3014 5180 3099 5236 cui
3147 5188 3227 5237 est
3253 5183 3427 5241 honor
3452 5193 3507 5242 et

1912 5264 2089 5336 gloria
2114 5280 2237 5320 cum
2266 5265 2422 5320 Patre
2466 5271 2519 5321 et
2553 5275 2737 5325 sancto
2791 5267 2991 5339 Spiritu
3046 5285 3143 5340 per
3165 5268 3372 5327 inﬁnita
3395 5290 3506 5330 sae-

1914 5352 2157 5409 culorum
2194 5350 2416 5408 szecula.
2448 5356 2640 5410 Amen.

1986 5448 2218 5521 Explicit
2270 5448 2542 5506 Clericalis
2594 5451 2891 5528 Disciplina
2948 5455 3202 5515 translata
3259 5475 3293 5516 a
3347 5459 3508 5519 Petro

1914 5537 2138 5595 Alfunso
2164 5533 2232 5593 de
2262 5536 2490 5594 Arabico
2515 5536 2573 5593 in
2598 5539 2866 5601 Latinum.

285 5762 397 5835 (27)
439 5761 507 5820 Et
530 5757 786 5817 mandata
814 5754 936 5829 ejus
957 5754 1225 5835 observa:
1267 5754 1372 5812 hoc
1400 5760 1485 5811 est
1511 5749 1657 5811 enim
1684 5746 1863 5835 omnis
1898 5745 2090 5835 homot
2119 5742 2208 5813 Et,
2239 5750 2349 5800 etc.
2406 5740 2561 5800 Eccl.
2592 5760 2691 5835 xii,
2731 5749 2821 5817 t3,
2854 5750 2946 5806 14.
2993 5762 3095 5814 κν
3136 5765 3502 5825 camuri-nx

219 5822 432 5925 vitam
468 5867 583 5919 an:
614 5866 708 5919 an
738 5822 892 5918 nhs:
935 5836 1006 5913 Β)
1033 5834 1110 5917 Si:
1143 5859 1394 5916 unum
1433 5857 1542 5909 κεν
1582 5827 1819 5908 avt-15m
1849 5851 2043 5909 nm
2078 5822 2147 5903 5:
2188 5851 2279 5902 nu
2316 5849 2375 5901 π)
2405 5850 2581 5903 mam
2616 5824 2686 5903 5:
2721 5851 2792 5907 m
2830 5853 2887 5907 η)
2931 5854 3103 5911 1m
3137 5861 3346 5917 nam
3374 5822 3501 5926 navi
