3966 6454
233 417 327 472 ποθ
1223 417 1589 482 GALTERUS
1626 424 1710 478 ET
1743 415 2188 480 LIETBERTUS.
2225 455 2292 466 -
2323 425 2608 482 NOTITIA

3461 423 3564 484 110

240 545 535 603 ecclesiam
565 547 635 604 S.
676 549 869 624 Egidii
896 549 966 606 de
997 549 1154 606 Fisco
1185 565 1284 621 pro
1305 568 1338 605 L
1359 550 1519 605 solid.
1544 547 1775 622 Melgor.
1797 545 1852 601 in
1882 544 1938 606 A
1961 533 2255 620 legationis
2284 551 2429 606 curis
2459 539 2788 623 praepeditus
2822 539 3083 624 praestare
3100 541 3339 609 nondum
3365 544 3560 626 potue-

248 635 496 691 manibus
527 637 755 694 Galteri
785 637 1098 708 dereliquit.
1126 637 1463 696 Reeensetur
1492 637 1636 694 inter
1651 647 1866 708 prmsu.

254 735 330 790 lea
361 734 453 806 qui
481 752 636 792 anno
668 737 815 792 1115
863 737 1155 794 ecclesiam
1205 736 1622 792 Cassianensem
1667 751 1868 791 conse-

255 832 490 890 crarunt,
525 825 690 894 cujus
719 825 890 881 altare
919 826 1019 881 SS.
1065 825 1327 898 apostolis
1376 827 1537 881 Petro
1583 832 1635 882 et
1679 823 1865 889 Paulo,

254 917 518 985 Andreae,
556 919 772 975 Jacobo
803 924 858 976 et
885 920 942 975 S.
973 919 1124 976 Fidei
1155 921 1224 975 ab
1251 921 1372 994 ipso
1403 919 1633 976 solemni
1652 919 1759 976 ritu
1787 919 1869 974 di-

257 1015 440 1063 catum
470 1006 540 1062 L.
580 1007 939 1064 Vivariensis
967 1016 1020 1065 et
1048 1011 1120 1065 A.
1150 1008 1867 1088 AvenionensisepiscOpo-

251 1120 378 1160 rum
409 1112 612 1178 rogatu
642 1105 923 1176 Stephano
976 1105 1131 1162 Cassa
1173 1105 1274 1162 Dei
1312 1105 1495 1162 abbati
1549 1119 1868 1162 concessam

244 1193 364 1262 jam
394 1208 428 1246 a
457 1192 759 1249 decessore
787 1193 1079 1250 ecclesiam
1107 1194 1297 1250 Sancti
1327 1194 1594 1251 Vincentii
1617 1194 1688 1250 de
1727 1193 1868 1248 Iun-

245 1279 471 1352 quartis
501 1279 850 1336 conﬁrmavit
883 1298 974 1338 an.
1008 1284 1166 1342 1116.
1197 1283 1557 1354 adiunxitque
1603 1281 1868 1337 ecclesias

247 1375 451 1434 Sancti
485 1380 629 1434 Petri
651 1378 721 1434 de
755 1377 1008 1435 l’ortiano
1035 1385 1088 1436 et
1117 1380 1185 1435 de
1217 1380 1490 1437 Caucone.
1542 1379 1868 1453 Approbavit

237 1482 399 1522 anno
439 1470 572 1522 1118
606 1467 1022 1524 aediﬁcationem
1045 1468 1298 1526 ecclesia:
1326 1469 1633 1524 Murlensis.
1676 1468 1868 1525 Conci-

242 1553 544 1610 Tolosano
577 1555 769 1621 adfuit,
803 1557 899 1610 ubi
930 1556 1141 1628 judicio
1169 1573 1199 1611 a
1227 1557 1436 1612 Calixto
1466 1557 1512 1612 Il
1556 1573 1654 1628 pro
1701 1558 1867 1611 Ania-

247 1652 534 1708 nensihus
564 1653 677 1710 iato
709 1653 894 1709 idibus
922 1653 1048 1710 Iulii
1073 1669 1219 1710 anno
1239 1656 1378 1710 1119
1409 1655 1753 1725 subscripsit.
1778 1655 1866 1710 Ad

253 1740 528 1797 eumdem
580 1749 804 1798 revocat
861 1759 1067 1798 annum
1117 1743 1400 1801 Gariellus
1453 1742 1782 1815 Templariis
1833 1758 1866 1800 ι

237 1837 535 1893 Guillemo
564 1838 850 1911 Monspelii
880 1840 948 1894 ad
983 1840 1230 1895 Sonaria:
1249 1841 1569 1895 suburbium
1628 1847 1861 1896 erectam

241 1927 465 1992 aedem,
499 1927 841 1998 dicatumque
869 1943 901 1982 a
931 1927 1155 1984 Galtero
1187 1928 1474 1985 ecclesiam
1506 1931 1563 1984 Β.
1597 1929 1776 1987 Maria
1795 1928 1864 1984 de

244 2023 458 2084 Lezes.
490 2040 636 2079 nunc
658 2040 788 2079 vero
820 2024 1002 2081 Sancti
1034 2024 1266 2081 Joannis
1295 2026 1500 2097 Magni,
1531 2042 1650 2097 quae
1682 2036 1868 2098 postea

243 2110 307 2165 in
339 2111 822 2182 prmceptoﬁalem
851 2113 1071 2168 domum
1103 2122 1435 2169 commutata
1483 2123 1567 2170 est
1601 2134 1612 2169 :
1659 2125 1713 2170 at
1757 2132 1866 2172 non

241 2199 662 2255 animadvertit
683 2200 766 2254 vir
792 2201 983 2257 doctus
1030 2202 1366 2274 Templarios
1413 2203 1469 2257 in
1518 2203 1868 2260 Occidentem

248 2311 377 2351 non
441 2303 766 2367 penetrasse
803 2303 927 2352 ante
973 2311 1174 2352 annum
1219 2298 1382 2353 1128.
1440 2298 1572 2354 Cum
1616 2301 1867 2371 plurimis

240 2385 544 2455 episcopis
593 2382 916 2454 subscripsit
957 2383 1212 2442 Galterus
1268 2381 1431 2444 bullae
1473 2403 1503 2443 a
1556 2388 1766 2446 Calixto
1819 2389 1867 2445 II

248 2474 416 2529 data
443 2487 486 2528 ιι
517 2471 597 2528 Id.
627 2471 754 2528 Julii
783 2473 919 2530 1120
948 2489 1046 2546 pro
1075 2475 1408 2533 monasterio
1436 2476 1726 2533 Eleetensi.
1750 2479 1866 2535 Me-

237 2577 508 2625 moratur
533 2569 588 2624 in
617 2569 806 2626 charta
830 2570 1120 2626 Raimundi
1139 2571 1208 2627 de
1237 2573 1491 2629 Cornone
1527 2580 1582 2629 et
1617 2573 1867 2632 Ricardae

239 2657 453 2714 uxoris
483 2673 580 2729 pro
610 2659 937 2715 monasterio
968 2655 1285 2716 Gellosensl
1349 2677 1446 2717 vui
1494 2663 1574 2719 Id.
1624 2663 1857 2721 Decem.

242 2761 358 2802 an.
406 2746 572 2804 1121.
610 2745 822 2803 Eodem
849 2764 994 2806 anno
1027 2748 1351 2806 Guillelmus
1379 2747 1868 2824 Montispessulani

242 2834 526 2891 dominus
563 2834 816 2892 ecclesia
857 2833 1239 2910 Magaldnensi
1281 2846 1612 2896 testarnento
1661 2842 1870 2915 legavit

256 2933 524 2988 moriens
551 2947 686 2988 vasa
715 2948 816 2988 sua
846 2934 1028 2990 omnia
1059 2943 1344 3008 argentea.
1379 2939 1536 2993 Anno
1566 2937 1705 2994 “22
1729 2937 1865 2994 Gal-

249 3030 418 3077 terus
447 3020 618 3076 astitit
647 3021 940 3078 conventui
966 3021 1156 3078 habito
1184 3021 1329 3096 apud
1351 3024 1639 3082 Caslarum
1658 3026 1710 3083 in
1731 3027 1868 3086 dite-

251 3110 388 3165 cesi
421 3109 774 3180 Leutevensi,
807 3110 900 3165 ubi
930 3110 1101 3182 ipsius
1124 3112 1336 3181 judicio
1375 3113 1528 3169 ﬁnita
1579 3114 1696 3183 fuit,
1747 3134 1867 3186 quae

251 3209 576 3265 monachos
592 3208 981 3306 _Iuncellenses
1009 3210 1238 3306 intenet
1264 3212 1635 3306 Poncbenses
1688 3215 1865 3271 inerat
1897 3235 1946 3306 Ο

251 3297 640 3354 controversia
669 3313 838 3370 super
867 3297 1104 3358 ecclesia
1144 3299 1213 3357 de
1258 3300 1490 3358 Casulis.
1542 3301 1870 3362 Discordan-

251 3393 347 3442 tes
392 3385 746 3442 Guillelmnm
772 3387 1228 3460 IIonspeliensem
1257 3397 1312 3447 et
1335 3390 1591 3448 comitem
1622 3391 1870 3465 Melgorii

255 3495 395 3537 cum
433 3493 643 3555 magna
669 3481 981 3554 eloquentia
1009 3484 1380 3559 suavitateque
1417 3487 1674 3558 praeditus
1718 3503 1870 3547 com-

255 3585 479 3640 ponere
512 3586 622 3626 non
643 3580 830 3642 posset
859 3571 1137 3642 Galterus,
1170 3573 1239 3630 ad
1264 3573 1534 3631 Calixtum
1569 3573 1618 3630 II
1647 3578 1869 3650 pontiﬁ-

261 3683 395 3724 cem
424 3667 633 3736 scribit,
669 3668 760 3739 qui
788 3685 938 3726 anno
961 3669 1098 3727 im
1142 3671 1357 3728 Petrum
1403 3675 1868 3747 archiepiscopum

271 3756 682 3823 Viennensem,
723 3757 1011 3828 nugonem
1051 3759 1637 3832 Gratianopolitanum,
1677 3763 1868 3820 Hilde-

260 3844 488 3916 garium
530 3845 1016 3913 Tarraconensem,
1070 3853 1121 3902 et
1173 3847 1457 3904 Artaldum
1512 3851 1868 3924 Carpentorit-

261 3941 516 4006 ctensem
537 3931 770 3999 induxit,
825 3939 884 3990 nt
913 3949 1037 3991 cum
1085 3935 1310 3994 Galtero
1364 3937 1464 3995 has
1520 3941 1870 4012 consopit-ent

265 4029 612 4086 inimicitias.
652 4029 860 4086 Arbitri
889 4031 1071 4104 itaque
1100 4033 1257 4090 electi
1292 4034 1350 4090 in
1396 4036 1630 4094 ecclesia
1685 4039 1868 4096 Sancti

269 4113 495 4173 Martini
544 4117 616 4174 de
655 4119 835 4177 Cretio
879 4119 969 4176 die
1019 4121 1250 4176 Sabbati
1284 4127 1317 4178 9
1352 4123 1474 4179 Maii
1514 4137 1656 4182 anno
1706 4130 1864 4195 “25,

265 4203 490 4262 Galteri
521 4201 874 4278 pontiﬁcatus
904 4223 997 4264 an.
1021 4221 1166 4277 xxn,
1193 4221 1581 4282 convenerunt,
1605 4213 1696 4269 ubi
1713 4229 1866 4287 qua:-

266 4319 494 4375 cunque
521 4302 779 4360 comitem
820 4304 961 4363 inter
1017 4314 1072 4364 et
1126 4309 1444 4379 toparcham
1498 4319 1869 4370 eontroverte—

271 4391 479 4446 bantur
523 4390 808 4458 deﬂaiare,
858 4402 909 4449 et
966 4394 1242 4452 Guillemo
1293 4407 1542 4455 auctores
1588 4399 1760 4469 fuere,
1811 4409 1869 4457 ut

268 4475 557 4535 Bernardo
586 4478 715 4536 ﬁdei
748 4480 1153 4539 sacramentum
1205 4485 1442 4542 diceret.
1488 4487 1637 4544 Hanc
1681 4489 1870 4545 deﬁni-

1975 644 2080 712 ret,
2104 641 2405 720 promimus
2432 647 2652 703 tandem
2675 643 2892 704 duobus
2919 645 2974 704 il
3002 642 3177 713 libl‘is,
3208 665 3316 704 non
3347 649 3565 720 quidem

1977 734 2220 804 scripsit,
2248 743 2306 791 ut
2335 734 2486 806 apud
2524 727 2900 800 Trithemium,
2958 737 3039 791 sel
3096 733 3336 807 vulgavit
3381 739 3567 794 Floras

1972 824 2322 895 psalmorum
2352 840 2386 879 a
2413 823 2666 880 Letberto
2695 825 2960 881 canonico
2995 826 3049 879 S.
3089 825 3228 879 Petri
3251 826 3396 896 apud
3420 825 3571 881 Insu-

1979 919 2061 974 las
2087 928 2140 974 et
2167 928 2359 991 postea
2389 921 2582 976 abbate
2613 921 2795 978 Sancti
2827 920 2944 977 Ruﬁ
2993 920 3274 987 collectos,
3326 930 3376 978 et
3423 923 3572 978 misit

1977 1006 2048 1061 ad
2077 1007 2375 1062 Robertum
2407 1008 2528 1077 ejus
2558 1009 3020 1077 consanguineum
3047 1007 3399 1080 prrepositum
3421 1010 3568 1064 insu-

1977 1101 2181 1170 lanum,
2203 1115 2541 1178 caeterosque
2572 1105 2820 1176 ejusdem
2850 1106 3096 1162 ecclesiae
3119 1107 3432 1164 canonicos.
3462 1107 3569 1178 Ipsi

1976 1209 2191 1264 quoque
2220 1209 2328 1249 non
2357 1194 2696 1266 inelegantes
2725 1195 2795 1250 ad
2823 1193 3078 1250 diversos
3109 1193 3369 1266 epistolas
3397 1195 3569 1251 ascri-

1977 1281 2051 1336 bit
2071 1282 2422 1348 Trithemius,
2447 1284 2665 1355 aliaque
2687 1283 2968 1339 nonnulla.
2994 1283 3241 1355 Denique
3257 1298 3380 1340 cum
3399 1282 3570 1339 abbas

1976 1371 2304 1433 Anianensis
2335 1379 2558 1450 synodis
2588 1379 3088 1452 Magaloncnnibus
3119 1380 3316 1434 adesse
3341 1393 3570 1436 recusa-

1975 1475 2080 1533 ret,
2113 1483 2172 1521 re
2201 1483 2298 1536 per
2327 1467 2640 1538 episcopum
2673 1468 2739 1523 ad
2761 1467 3056 1522 Honorium
3082 1467 3126 1521 ll
3151 1477 3278 1523 tunc
3302 1467 3354 1522 in
3376 1470 3568 1525 cathe—

1974 1554 2076 1609 dra
2104 1555 2161 1610 S.
2196 1555 3329 1625 Pctriscdeutem,delata,archidiaconuin
3351 1565 3403 1612 et
3423 1575 3566 1629 prae-

1973 1659 2254 1708 centorem
2308 1652 2642 1723 Agathensis
2695 1651 2962 1708 Ecclesiae
2997 1652 3267 1708 commisit
3319 1670 3567 1711 summus

1974 1740 2218 1810 pontifex
2249 1739 2396 1796 bulla
2419 1741 2546 1796 data
2575 1741 2831 1796 Laterani
2861 1757 2900 1796 ιι
2929 1741 3198 1796 Kalendas
3224 1741 3385 1808 Iunii,
3417 1760 3567 1815 pon-

1974 1827 2217 1884 tiﬁcatus
2245 1839 2386 1884 anno
2416 1847 2467 1893 v,
2502 1829 2696 1884 Christi
2729 1831 2890 1894 “29,
2925 1845 3034 1902 qua
3050 1846 3148 1900 per
3168 1829 3376 1902 legatos
3396 1833 3562 1904 signi-

1977 1924 2156 1989 ﬁcata,
2195 1927 2380 1981 Petrus
2413 1926 2741 1981 Aniancnsis
2796 1928 2965 1981 abbas
3023 1927 3246 1984 Galtero
3301 1928 3566 2002 episcopo

1976 2022 2100 2068 ante
2131 2015 2302 2069 altare
2361 2014 2540 2069 Sancti
2597 2015 2795 2070 Briccii
2841 2015 3208 2070 obedientiam
3264 2019 3563 2073 secundum

1973 2109 2147 2164 Deum
2177 2110 2442 2180 promisit,
2475 2109 2862 2180 nonnullisque
2893 2109 3058 2166 cessit
3087 2110 3356 2178 ecclesiis,
3383 2127 3448 2168 ac
3478 2113 3564 2167 vi-

1973 2197 2158 2252 cissim
2190 2197 2480 2269 episcOpus
2511 2213 2636 2253 cum
2682 2213 2918 2252 assensu
2969 2198 3356 2254 canonicorum
3393 2201 3565 2256 Anie-

1970 2285 2129 2340 nensi
2146 2287 2482 2342 monasterio
2498 2285 2787 2342 ecclesiam
2805 2293 3010 2342 sanctae
3031 2286 3216 2342 Mariae
3235 2287 3306 2343 de
3353 2288 3562 2345 Roveto

1971 2381 2212 2449 tradidit,
2245 2382 2490 2455 aliasque
2519 2399 2648 2439 cum
2669 2383 2863 2468 abbate
2905 2383 3168 2455 praedicto
3211 2387 3559 2468 permutavit,

1973 2471 2438 2543 quemadmodum
2469 2471 2699 2526 habetur
2729 2469 2782 2525 in
2814 2467 3166 2529 instrumento
3205 2474 3377 2528 veteri
3418 2473 3563 2545 apud

1974 2559 2293 2616 Gariellum.
2327 2561 2479 2616 Hanc
2503 2567 2684 2615 autem
2713 2559 2902 2616 initam
2947 2575 3056 2616 non
3077 2559 3249 2616 multo
3271 2570 3391 2632 post
3425 2579 3562 2618 con-

1973 2658 2218 2713 Bordiam
2249 2674 2280 2714 e
2310 2658 2446 2713 vivis
2465 2657 2769 2714 excessisse
2801 2657 3081 2714 Gallorum
3133 2674 3418 2716 necessum
3447 2668 3528 2716 est
3553 2679 3564 2716 :

1970 2746 2309 2803 Raimundus
2339 2743 2483 2802 enim
2516 2748 2630 2818 ejus
2662 2759 2949 2803 successor
2972 2745 3087 2822 ja'm
3117 2757 3565 2820 praeeratmense

1971 2838 2240 2909 Augusto,
2273 2846 2329 2891 ut
2359 2852 2483 2892 mox
2507 2835 2835 2892 videbimus.
2860 2835 3167 2894 Defunctus
3197 2847 3375 2894 autem
3397 2855 3562 2911 sepe-

1971 2931 2098 2987 litur
2125 2931 2317 2987 eodem
2350 2945 2465 3003 quo
2484 2933 2746 2988 decessor
2763 2931 3140 2989 Gothofredus
3160 2935 3370 3004 positus
3388 2935 3566 2992 fuerat

1970 3015 2114 3090 loco,
2147 3026 2208 3076 ut
2235 3025 2448 3077 constat
2469 3036 2533 3076 ex
2590 3019 2928 3102 carminibus
2970 3021 3104 3076 infra
3163 3021 3514 3092 subiiciendis
3548 3039 3561 3080 :

1971 3108 2116 3164 unde
2145 3107 2420 3166 concludit
2450 3107 2728 3165 Gariellus
2758 3109 2858 3164 sub
2889 3107 3051 3166 ﬁnem
3067 3109 3188 3168 vitee
3208 3111 3565 3169 decessurum

1969 3205 2266 3277 prmsnlum
2296 3205 2516 3276 pietatis
2536 3206 2789 3262 aemulum
2815 3207 3162 3264 Palaestinam
3183 3209 3404 3279 petiisse
3426 3210 3564 3266 Gal-

1977 3301 2170 3362 terum,
2204 3293 2390 3367 ibique
2419 3294 2564 3350 diem
2593 3293 2839 3350 ultimum
2879 3295 3104 3362 obiisse,
3164 3305 3215 3351 et
3272 3297 3327 3352 in
3380 3306 3568 3354 monte

1977 3383 2274 3456 Peregrina
2304 3375 2496 3440 eodem
2529 3398 2636 3456 quo
2665 3373 2924 3440 decessor
2967 3383 3176 3440 tumulo
3232 3386 3506 3442 conditum
3547 3403 3562 3441 :

1975 3487 2028 3533 at
2057 3491 2180 3535 cum
2211 3477 2366 3550 prius
2393 3493 2504 3534 non
2532 3487 2760 3546 constet,
2795 3486 2896 3534 eta
2923 3477 3248 3550 quibusdam
3267 3480 3322 3536 in
3342 3479 3568 3539 dubium

1975 3574 2282 3632 revocetur,
2313 3574 2370 3622 ut
2394 3567 2503 3636 jam
2531 3566 2792 3632 diximus,
2826 3567 3104 3638 posterius
3133 3568 3404 3625 incertum
3441 3587 3561 3626 ma-

1975 3659 2084 3722 net,
2118 3661 2172 3710 et
2207 3654 2368 3710 ﬁdem
2399 3662 2617 3711 Omnem
2660 3663 2882 3728 superat
2921 3657 3149 3728 propter
3201 3658 3457 3731 exiguam
3516 3665 3570 3716 el

1976 3734 2142 3802 breve
2173 3745 2438 3817 temporis
2468 3743 2722 3816 spatium.
2748 3747 2808 3799 In
2838 3743 3008 3800 veteri
3040 3745 3352 3818 necrologio
3381 3737 3569 3821 Maga-

1973 3833 2220 3890 lonensis
2249 3833 2500 3890 ecclesiae
2528 3833 2768 3906 legitur:
2795 3835 2992 3890 Prima
3016 3832 3106 3889 die
3129 3831 3306 3890 Luna
3321 3841 3447 3907 post
3467 3855 3566 3908 sy-

1975 3930 2183 3987 nodum
2197 3931 2428 3986 Pascha;
2449 3930 3002 4002 teneturcopilulum
3024 3933 3210 4000 facere
3223 3932 3452 3987 missam
3468 3951 3569 4005 pro

1974 4020 2175 4074 anima
2201 4019 2266 4074 D.
2290 4019 2504 4075 Galteri
2525 4018 2931 4088 Magalonen‘sis
2950 4019 3222 4092 Episcopi.
3239 4019 3370 4088 Ejus
3389 4015 3570 4076 obitus

1974 4107 2291 4180 assignatur
2309 4107 2381 4162 ad
2400 4106 2589 4162 Nonas
2608 4105 2934 4162 Decembris
2957 4105 3011 4161 in
3036 4106 3366 4178 Necrologio
3388 4108 3570 4165 Sancti

1976 4199 2158 4277 Egidii
2204 4211 2484 4258 asservato
2535 4202 2592 4257 in
2634 4202 2962 4259 bibliotheca
3002 4204 3090 4258 Fr.
3152 4204 3571 4262 Praedicaton

1976 4289 2480 4358 Chamberiacensi,
2528 4291 2619 4346 ubi
2664 4290 2868 4347 dicitur
2919 4293 3216 4349 monachus
3257 4292 3573 4350 Molismen-

1975 4381 2072 4451 ais,
2103 4380 2248 4454 quod
2280 4375 2479 4436 nullibi
2507 4379 2688 4436 adhuc
2735 4379 2934 4452 reperi.
2994 4380 3076 4436 De
3133 4375 3358 4438 Galtero
3416 4386 3570 4440 vetus

1975 4491 2195 4550 quoque
2225 4491 2382 4533 musa
2411 4477 2566 4548 apud
2596 4477 2884 4533 Verdalam
2913 4477 3140 4535 cecinit.

276 4576 488 4632 tionem
511 4577 743 4673 mandat
774 4577 1294 4673 Galterusiloberto
1321 4585 1620 4656 prmposito
1666 4587 1872 4644 Insula-
1901 4596 1953 4655 D
2052 4601 2136 4656 mi
2157 4600 2410 4657 Galterus
2428 4599 2673 4658 succedit
2703 4597 2846 4656 ﬁlius
2877 4601 3022 4673 ejus,

274 4681 400 4721 rum
436 4664 693 4736 epistola,
723 4667 780 4722 in
812 4683 916 4738 qua
941 4684 1004 4725 se
1039 4669 1221 4740 ipsum
1267 4672 1333 4728 S.
1385 4673 1458 4728 It.
1513 4674 1585 4729 Ε.
1636 4674 1878 4747 legatum

273 4759 576 4825 nuneupat,
607 4769 719 4827 quo
746 4755 889 4812 forte
917 4757 1075 4813 titulo
1101 4765 1130 4813 a
1161 4765 1381 4817 summo
1409 4762 1662 4833 pontiﬁce
1702 4764 1878 4820 fuerat

2124 4685 2292 4745 Filius
2319 4689 2604 4761 Obsequio,
2636 4689 2777 4744 ﬁlius
2802 4689 3005 4759 cilicio,

2056 4777 2286 4844 Ductus,
2310 4785 2362 4834 et
2392 4783 2618 4843 astutus,
2648 4793 2750 4849 per
2770 4793 2962 4833 versus
2986 4781 3002 4848 ἦ
3008 4780 3061 4848 1)
3101 4778 3302 4850 clarus,
3355 4790 3572 4850 acutus,

272 4843 691 4912 cohonestatus,
726 4851 779 4899 ut
805 4843 1017 4913 judicio
1045 4845 1186 4902 inter
1213 4850 1464 4906 comitem
1486 4859 1540 4906 et
1558 4854 1877 4924 teparcham

271 4938 503 4995 ferendo
530 4943 822 5011 praeesset.
875 4943 996 5001 Hoc
1029 4944 1206 5002 adhuc
1246 4949 1476 5006 nomine
1520 4951 1880 5008 Casadenses—

274 5028 794 5098 exeommunicsvit,
829 5031 920 5099 qui
949 5030 1096 5088 litem
1125 5034 1389 5091 adversus
1407 5037 1748 5094 Aniene‘nses
1793 5055 1878 5096 re-

274 5116 547 5186 petierant
609 5119 756 5173 circa
813 5117 1099 5176 ecclesiam
1151 5119 1222 5178 de
1270 5123 1614 5183 Gordanicis.
1672 5121 1872 5184 iisdem
1951 5125 1954 5130 ’

276 5212 434 5271 etiam
465 5213 827 5273 suadentibus
869 5215 1090 5276 arbitris
1132 5221 1459 5280 Guillelmus
1505 5224 1630 5282 ﬁdei
1672 5241 1871 5284 sacra-

277 5312 513 5359 mentum
546 5303 700 5374 quod
725 5305 1000 5364 abnuebat
1031 5308 1258 5367 Galtero
1287 5313 1548 5382 exhibuit,
1598 5323 1656 5370 ut
1703 5314 1873 5387 liquet

282 5407 346 5447 ex
373 5393 511 5449 actis
543 5392 834 5449 consulum
865 5410 898 5451 a
926 5396 1167 5454 Gariello
1195 5401 1400 5457 citatis.

340 5488 418 5550 Eo
443 5487 672 5547 circiter
722 5495 966 5563 tempore
1011 5494 1161 5565 quod
1197 5495 1442 5554 muneris
1483 5499 1773 5570 pastoralis
1817 5508 1872 5557 et

2125 4867 2356 4942 Magnus
2387 4866 2637 4934 consilio,
2670 4882 2834 4940 magn
2847 4881 2908 4921 us
2937 4874 2992 4922 et
3019 4865 3259 4940 eloquio,

2055 4957 2301 5027 Corpore
2331 4956 2596 5021 sincerus,
2629 4963 2682 5010 et
2701 4955 2969 5026 religione
2999 4973 3245 5026 severus,

2125 5045 2426 5115 Impatiens
2456 5044 2701 5114 sceleris,
2731 5043 3077 5115 eompatiens
3104 5045 3344 5110 miseris,

2049 5123 2269 5187 Narniae
2298 5133 2558 5198 cultores,
2592 5139 2645 5187 et
2674 5135 2895 5188 nostros
2926 5133 3080 5188 auxit
3109 5134 3369 5202 honores,

2119 5226 2305 5286 Crevit
2333 5229 2652 5296 thesaurus,
2685 5227 2913 5300 fabrica,
2945 5229 3113 5298 fama,
3134 5231 3350 5287 domus.

2050 5317 2188 5373 Inde
2217 5333 2460 5388 sequens-
2477 5317 2620 5373 tristi
2649 5318 2885 5392 vestigia
2911 5327 3057 5376 sorte
3085 5319 3338 5390 magistri

2121 5405 2345 5473 Interiit,
2378 5405 2588 5477 pOsilus
2618 5422 2727 5478 quo
2755 5414 2912 5478 pater
2940 5415 3068 5464 ante
3095 5425 3254 5464 suus.

1974 5839 2120 5900 l-ione
2149 5830 2354 5898 celebri
2388 5840 2569 5908 poeta,
2588 5825 2693 5908 qui
2719 5815 2922 5904 saecuid
2943 5829 3048 5889 im
3070 5831 3322 5900 ﬂorebat,
3346 5832 3452 5890 Alii
3478 5841 3574 5893 au.

323 5818 568 5916 (ἢμσς
587 5825 787 5916 ίοξξιυ
814 5836 1079 5911 deceptus
1123 5837 1243 5900 loco
1285 5837 1568 5916 confundit
1609 5806 1867 5903 doctissi-
1974 5839 2120 5916 l-ione
2149 5830 2354 5898 celebri
2388 5840 2598 5916 pectit;

1969 5915 2280 5986 temlegunt
2306 5920 2445 5985 perc
2473 5915 2649 5960 amis.

259 5903 546 5980 mus'Pagi
583 5903 867 5965 Galtcruin
898 5903 1148 5967 nostrum
1174 5927 1294 5972 eum
1325 5915 1647 5974 Galteriode
1671 5920 1868 5974 Castelo
